%YAML 1.1
%TAG !u! tag:unity3d.com,2011:
--- !u!1 &320956391146791523
GameObject:
  m_ObjectHideFlags: 0
  m_CorrespondingSourceObject: {fileID: 0}
  m_PrefabInstance: {fileID: 0}
  m_PrefabAsset: {fileID: 0}
  serializedVersion: 6
  m_Component:
  - component: {fileID: 2458849663553589798}
  m_Layer: 0
  m_Name: EyebrowInner_L
  m_TagString: Untagged
  m_Icon: {fileID: 0}
  m_NavMeshLayer: 0
  m_StaticEditorFlags: 0
  m_IsActive: 1
--- !u!4 &2458849663553589798
Transform:
  m_ObjectHideFlags: 0
  m_CorrespondingSourceObject: {fileID: 0}
  m_PrefabInstance: {fileID: 0}
  m_PrefabAsset: {fileID: 0}
  m_GameObject: {fileID: 320956391146791523}
  m_LocalRotation: {x: -0, y: 0, z: 1, w: -6.123234e-17}
  m_LocalPosition: {x: 0.0017180871, y: 0.13114001, z: 0.019924846}
  m_LocalScale: {x: 1, y: 1, z: 1}
  m_Children: []
  m_Father: {fileID: 7943364921548866017}
  m_RootOrder: 5
  m_LocalEulerAnglesHint: {x: 0, y: 0, z: 0}
--- !u!1 &337439719283671314
GameObject:
  m_ObjectHideFlags: 0
  m_CorrespondingSourceObject: {fileID: 0}
  m_PrefabInstance: {fileID: 0}
  m_PrefabAsset: {fileID: 0}
  serializedVersion: 6
  m_Component:
  - component: {fileID: 1998034374874625673}
  m_Layer: 0
  m_Name: EyeEnd_L
  m_TagString: Untagged
  m_Icon: {fileID: 0}
  m_NavMeshLayer: 0
  m_StaticEditorFlags: 0
  m_IsActive: 1
--- !u!4 &1998034374874625673
Transform:
  m_ObjectHideFlags: 0
  m_CorrespondingSourceObject: {fileID: 0}
  m_PrefabInstance: {fileID: 0}
  m_PrefabAsset: {fileID: 0}
  m_GameObject: {fileID: 337439719283671314}
  m_LocalRotation: {x: 0, y: -0, z: -0, w: 1}
  m_LocalPosition: {x: -0.017087016, y: -3.410605e-15, z: -2.0872193e-16}
  m_LocalScale: {x: 1, y: 1, z: 1}
  m_Children: []
  m_Father: {fileID: 9091948136670424758}
  m_RootOrder: 0
  m_LocalEulerAnglesHint: {x: 0, y: 0, z: 0}
--- !u!1 &488932777263344889
GameObject:
  m_ObjectHideFlags: 0
  m_CorrespondingSourceObject: {fileID: 0}
  m_PrefabInstance: {fileID: 0}
  m_PrefabAsset: {fileID: 0}
  serializedVersion: 6
  m_Component:
  - component: {fileID: 2555335058503208060}
  m_Layer: 0
  m_Name: EyebrowOuter_L
  m_TagString: Untagged
  m_Icon: {fileID: 0}
  m_NavMeshLayer: 0
  m_StaticEditorFlags: 0
  m_IsActive: 1
--- !u!4 &2555335058503208060
Transform:
  m_ObjectHideFlags: 0
  m_CorrespondingSourceObject: {fileID: 0}
  m_PrefabInstance: {fileID: 0}
  m_PrefabAsset: {fileID: 0}
  m_GameObject: {fileID: 488932777263344889}
  m_LocalRotation: {x: -0, y: 0, z: 1, w: -6.123234e-17}
  m_LocalPosition: {x: 0.0021386193, y: 0.103120714, z: 0.06264672}
  m_LocalScale: {x: 1, y: 1, z: 1}
  m_Children: []
  m_Father: {fileID: 7943364921548866017}
  m_RootOrder: 9
  m_LocalEulerAnglesHint: {x: 0, y: 0, z: 0}
--- !u!1 &538998613512489793
GameObject:
  m_ObjectHideFlags: 0
  m_CorrespondingSourceObject: {fileID: 0}
  m_PrefabInstance: {fileID: 0}
  m_PrefabAsset: {fileID: 0}
  serializedVersion: 6
  m_Component:
  - component: {fileID: 7535813120351368752}
  m_Layer: 0
  m_Name: Shoulder_R
  m_TagString: Untagged
  m_Icon: {fileID: 0}
  m_NavMeshLayer: 0
  m_StaticEditorFlags: 0
  m_IsActive: 1
--- !u!4 &7535813120351368752
Transform:
  m_ObjectHideFlags: 0
  m_CorrespondingSourceObject: {fileID: 0}
  m_PrefabInstance: {fileID: 0}
  m_PrefabAsset: {fileID: 0}
  m_GameObject: {fileID: 538998613512489793}
  m_LocalRotation: {x: 0.055521425, y: -0.011580597, z: -0.20577817, w: 0.97695374}
  m_LocalPosition: {x: -0.104209974, y: 2.2009949e-13, z: -5.1159075e-15}
  m_LocalScale: {x: 1, y: 1, z: 1}
  m_Children:
  - {fileID: 5291559941343429355}
  m_Father: {fileID: 5649708856688952073}
  m_RootOrder: 0
  m_LocalEulerAnglesHint: {x: 0, y: 0, z: 0}
--- !u!1 &818879381523804631
GameObject:
  m_ObjectHideFlags: 0
  m_CorrespondingSourceObject: {fileID: 0}
  m_PrefabInstance: {fileID: 0}
  m_PrefabAsset: {fileID: 0}
  serializedVersion: 6
  m_Component:
  - component: {fileID: 8191383981702468161}
  m_Layer: 0
  m_Name: EyebrowMid_R
  m_TagString: Untagged
  m_Icon: {fileID: 0}
  m_NavMeshLayer: 0
  m_StaticEditorFlags: 0
  m_IsActive: 1
--- !u!4 &8191383981702468161
Transform:
  m_ObjectHideFlags: 0
  m_CorrespondingSourceObject: {fileID: 0}
  m_PrefabInstance: {fileID: 0}
  m_PrefabAsset: {fileID: 0}
  m_GameObject: {fileID: 818879381523804631}
  m_LocalRotation: {x: 0, y: -0, z: -0, w: 1}
  m_LocalPosition: {x: 0.0019047022, y: 0.11870839, z: -0.038879696}
  m_LocalScale: {x: 1, y: 1, z: 1}
  m_Children: []
  m_Father: {fileID: 7943364921548866017}
  m_RootOrder: 8
  m_LocalEulerAnglesHint: {x: 0, y: 0, z: 0}
--- !u!1 &1057083421855747426
GameObject:
  m_ObjectHideFlags: 0
  m_CorrespondingSourceObject: {fileID: 0}
  m_PrefabInstance: {fileID: 0}
  m_PrefabAsset: {fileID: 0}
  serializedVersion: 6
  m_Component:
  - component: {fileID: 5261196145550307763}
  m_Layer: 0
  m_Name: BottomLip_M
  m_TagString: Untagged
  m_Icon: {fileID: 0}
  m_NavMeshLayer: 0
  m_StaticEditorFlags: 0
  m_IsActive: 1
--- !u!4 &5261196145550307763
Transform:
  m_ObjectHideFlags: 0
  m_CorrespondingSourceObject: {fileID: 0}
  m_PrefabInstance: {fileID: 0}
  m_PrefabAsset: {fileID: 0}
  m_GameObject: {fileID: 1057083421855747426}
  m_LocalRotation: {x: 0, y: -0, z: -0, w: 1}
  m_LocalPosition: {x: -0.09364047, y: -0.031114377, z: -6.576343e-16}
  m_LocalScale: {x: 1, y: 1, z: 1}
  m_Children: []
  m_Father: {fileID: 3472169232287294472}
  m_RootOrder: 0
  m_LocalEulerAnglesHint: {x: 0, y: 0, z: 0}
--- !u!1 &1163272565367227889
GameObject:
  m_ObjectHideFlags: 0
  m_CorrespondingSourceObject: {fileID: 0}
  m_PrefabInstance: {fileID: 0}
  m_PrefabAsset: {fileID: 0}
  serializedVersion: 6
  m_Component:
  - component: {fileID: 8583682714267696043}
  m_Layer: 0
  m_Name: UpperNose_L
  m_TagString: Untagged
  m_Icon: {fileID: 0}
  m_NavMeshLayer: 0
  m_StaticEditorFlags: 0
  m_IsActive: 1
--- !u!4 &8583682714267696043
Transform:
  m_ObjectHideFlags: 0
  m_CorrespondingSourceObject: {fileID: 0}
  m_PrefabInstance: {fileID: 0}
  m_PrefabAsset: {fileID: 0}
  m_GameObject: {fileID: 1163272565367227889}
  m_LocalRotation: {x: -0, y: 0, z: 1, w: -6.123234e-17}
  m_LocalPosition: {x: 0.03668772, y: 0.113807015, z: 0.015082455}
  m_LocalScale: {x: 1, y: 1, z: 1}
  m_Children: []
  m_Father: {fileID: 7943364921548866017}
  m_RootOrder: 17
  m_LocalEulerAnglesHint: {x: 0, y: 0, z: 0}
--- !u!1 &1196480045035647145
GameObject:
  m_ObjectHideFlags: 0
  m_CorrespondingSourceObject: {fileID: 0}
  m_PrefabInstance: {fileID: 0}
  m_PrefabAsset: {fileID: 0}
  serializedVersion: 6
  m_Component:
  - component: {fileID: 5291559941343429355}
  m_Layer: 0
  m_Name: Elbow_R
  m_TagString: Untagged
  m_Icon: {fileID: 0}
  m_NavMeshLayer: 0
  m_StaticEditorFlags: 0
  m_IsActive: 1
--- !u!4 &5291559941343429355
Transform:
  m_ObjectHideFlags: 0
  m_CorrespondingSourceObject: {fileID: 0}
  m_PrefabInstance: {fileID: 0}
  m_PrefabAsset: {fileID: 0}
  m_GameObject: {fileID: 1196480045035647145}
  m_LocalRotation: {x: 0, y: 0, z: -0.1290162, w: 0.9916425}
  m_LocalPosition: {x: -0.29240897, y: 9.769963e-16, z: 1.3073986e-14}
  m_LocalScale: {x: 1, y: 1, z: 1}
  m_Children:
  - {fileID: 6369295785232041091}
  m_Father: {fileID: 7535813120351368752}
  m_RootOrder: 0
  m_LocalEulerAnglesHint: {x: 0, y: 0, z: 0}
--- !u!1 &1234154274778365343
GameObject:
  m_ObjectHideFlags: 0
  m_CorrespondingSourceObject: {fileID: 0}
  m_PrefabInstance: {fileID: 0}
  m_PrefabAsset: {fileID: 0}
  serializedVersion: 6
  m_Component:
  - component: {fileID: 606597011595855096}
  m_Layer: 0
  m_Name: IndexFinger2_L
  m_TagString: Untagged
  m_Icon: {fileID: 0}
  m_NavMeshLayer: 0
  m_StaticEditorFlags: 0
  m_IsActive: 1
--- !u!4 &606597011595855096
Transform:
  m_ObjectHideFlags: 0
  m_CorrespondingSourceObject: {fileID: 0}
  m_PrefabInstance: {fileID: 0}
  m_PrefabAsset: {fileID: 0}
  m_GameObject: {fileID: 1234154274778365343}
  m_LocalRotation: {x: -0.010358365, y: -0.052148737, z: 0.043961853, w: 0.9976175}
  m_LocalPosition: {x: 0.04966167, y: 1.0658141e-16, z: -1.4210854e-15}
  m_LocalScale: {x: 1, y: 1, z: 1}
  m_Children:
  - {fileID: 8235436525527373869}
  m_Father: {fileID: 3341975906362610862}
  m_RootOrder: 0
  m_LocalEulerAnglesHint: {x: 0, y: 0, z: 0}
--- !u!1 &1342391159993528163
GameObject:
  m_ObjectHideFlags: 0
  m_CorrespondingSourceObject: {fileID: 0}
  m_PrefabInstance: {fileID: 0}
  m_PrefabAsset: {fileID: 0}
  serializedVersion: 6
  m_Component:
  - component: {fileID: 8137245374753094459}
  m_Layer: 0
  m_Name: Scapula_L
  m_TagString: Untagged
  m_Icon: {fileID: 0}
  m_NavMeshLayer: 0
  m_StaticEditorFlags: 0
  m_IsActive: 1
--- !u!4 &8137245374753094459
Transform:
  m_ObjectHideFlags: 0
  m_CorrespondingSourceObject: {fileID: 0}
  m_PrefabInstance: {fileID: 0}
  m_PrefabAsset: {fileID: 0}
  m_GameObject: {fileID: 1342391159993528163}
  m_LocalRotation: {x: 0.6653586, y: -0.23960042, z: 0.6960449, w: -0.12414108}
  m_LocalPosition: {x: -0.0037425128, y: -0.0078088413, z: 0.062583625}
  m_LocalScale: {x: 1, y: 1, z: 1}
  m_Children:
  - {fileID: 440116832267715661}
  m_Father: {fileID: 6592775136972134495}
  m_RootOrder: 1
  m_LocalEulerAnglesHint: {x: 0, y: 0, z: 0}
--- !u!1 &1439483167309977801
GameObject:
  m_ObjectHideFlags: 0
  m_CorrespondingSourceObject: {fileID: 0}
  m_PrefabInstance: {fileID: 0}
  m_PrefabAsset: {fileID: 0}
  serializedVersion: 6
  m_Component:
  - component: {fileID: 8963733256130715261}
  m_Layer: 0
  m_Name: OuterMouth_L
  m_TagString: Untagged
  m_Icon: {fileID: 0}
  m_NavMeshLayer: 0
  m_StaticEditorFlags: 0
  m_IsActive: 1
--- !u!4 &8963733256130715261
Transform:
  m_ObjectHideFlags: 0
  m_CorrespondingSourceObject: {fileID: 0}
  m_PrefabInstance: {fileID: 0}
  m_PrefabAsset: {fileID: 0}
  m_GameObject: {fileID: 1439483167309977801}
  m_LocalRotation: {x: -0, y: 0, z: 1, w: -6.123234e-17}
  m_LocalPosition: {x: -0.0764952, y: -0.029030904, z: 0.032475587}
  m_LocalScale: {x: 1, y: 1, z: 1}
  m_Children: []
  m_Father: {fileID: 3472169232287294472}
  m_RootOrder: 4
  m_LocalEulerAnglesHint: {x: 0, y: 0, z: 0}
--- !u!1 &1511427784820342847
GameObject:
  m_ObjectHideFlags: 0
  m_CorrespondingSourceObject: {fileID: 0}
  m_PrefabInstance: {fileID: 0}
  m_PrefabAsset: {fileID: 0}
  serializedVersion: 6
  m_Component:
  - component: {fileID: 7361071443735489329}
  m_Layer: 0
  m_Name: PinkyFinger3_R
  m_TagString: Untagged
  m_Icon: {fileID: 0}
  m_NavMeshLayer: 0
  m_StaticEditorFlags: 0
  m_IsActive: 1
--- !u!4 &7361071443735489329
Transform:
  m_ObjectHideFlags: 0
  m_CorrespondingSourceObject: {fileID: 0}
  m_PrefabInstance: {fileID: 0}
  m_PrefabAsset: {fileID: 0}
  m_GameObject: {fileID: 1511427784820342847}
  m_LocalRotation: {x: 0, y: -0, z: -0, w: 1}
  m_LocalPosition: {x: -0.037715204, y: 1.7763567e-16, z: 5.684342e-16}
  m_LocalScale: {x: 1, y: 1, z: 1}
  m_Children: []
  m_Father: {fileID: 4108507912306462852}
  m_RootOrder: 0
  m_LocalEulerAnglesHint: {x: 0, y: 0, z: 0}
--- !u!1 &1596931071184685624
GameObject:
  m_ObjectHideFlags: 0
  m_CorrespondingSourceObject: {fileID: 0}
  m_PrefabInstance: {fileID: 0}
  m_PrefabAsset: {fileID: 0}
  serializedVersion: 6
  m_Component:
  - component: {fileID: 6592775136972134495}
  m_Layer: 0
  m_Name: Chest_M
  m_TagString: Untagged
  m_Icon: {fileID: 0}
  m_NavMeshLayer: 0
  m_StaticEditorFlags: 0
  m_IsActive: 1
--- !u!4 &6592775136972134495
Transform:
  m_ObjectHideFlags: 0
  m_CorrespondingSourceObject: {fileID: 0}
  m_PrefabInstance: {fileID: 0}
  m_PrefabAsset: {fileID: 0}
  m_GameObject: {fileID: 1596931071184685624}
  m_LocalRotation: {x: 0, y: 0, z: 0.108854525, w: 0.9940577}
  m_LocalPosition: {x: -0.25686407, y: 1.2079227e-15, z: 2.7077777e-17}
  m_LocalScale: {x: 1, y: 1, z: 1}
  m_Children:
  - {fileID: 1092348207040680777}
  - {fileID: 8137245374753094459}
  - {fileID: 5649708856688952073}
  m_Father: {fileID: 4996420850632450189}
  m_RootOrder: 0
  m_LocalEulerAnglesHint: {x: 0, y: 0, z: 0}
--- !u!1 &1638297817688872022
GameObject:
  m_ObjectHideFlags: 0
  m_CorrespondingSourceObject: {fileID: 0}
  m_PrefabInstance: {fileID: 0}
  m_PrefabAsset: {fileID: 0}
  serializedVersion: 6
  m_Component:
  - component: {fileID: 7542549427418547303}
  m_Layer: 0
  m_Name: EyebrowMid_L
  m_TagString: Untagged
  m_Icon: {fileID: 0}
  m_NavMeshLayer: 0
  m_StaticEditorFlags: 0
  m_IsActive: 1
--- !u!4 &7542549427418547303
Transform:
  m_ObjectHideFlags: 0
  m_CorrespondingSourceObject: {fileID: 0}
  m_PrefabInstance: {fileID: 0}
  m_PrefabAsset: {fileID: 0}
  m_GameObject: {fileID: 1638297817688872022}
  m_LocalRotation: {x: -0, y: 0, z: 1, w: -6.123234e-17}
  m_LocalPosition: {x: 0.0019047022, y: 0.11870839, z: 0.038879696}
  m_LocalScale: {x: 1, y: 1, z: 1}
  m_Children: []
  m_Father: {fileID: 7943364921548866017}
  m_RootOrder: 7
  m_LocalEulerAnglesHint: {x: 0, y: 0, z: 0}
--- !u!1 &1998457895884513596
GameObject:
  m_ObjectHideFlags: 0
  m_CorrespondingSourceObject: {fileID: 0}
  m_PrefabInstance: {fileID: 0}
  m_PrefabAsset: {fileID: 0}
  serializedVersion: 6
  m_Component:
  - component: {fileID: 2854717923265958395}
  m_Layer: 0
  m_Name: Hip_R
  m_TagString: Untagged
  m_Icon: {fileID: 0}
  m_NavMeshLayer: 0
  m_StaticEditorFlags: 0
  m_IsActive: 1
--- !u!4 &2854717923265958395
Transform:
  m_ObjectHideFlags: 0
  m_CorrespondingSourceObject: {fileID: 0}
  m_PrefabInstance: {fileID: 0}
  m_PrefabAsset: {fileID: 0}
  m_GameObject: {fileID: 1998457895884513596}
  m_LocalRotation: {x: -0.04921381, y: 0.9986457, z: -0.0034128937, w: -0.016525296}
  m_LocalPosition: {x: 0.020835532, y: -0.0056810114, z: -0.08196866}
  m_LocalScale: {x: 1, y: 1, z: 1}
  m_Children:
  - {fileID: 2462351173944347860}
  m_Father: {fileID: 3619922614054508683}
  m_RootOrder: 1
  m_LocalEulerAnglesHint: {x: 0, y: 0, z: 0}
--- !u!1 &2184099480246781524
GameObject:
  m_ObjectHideFlags: 0
  m_CorrespondingSourceObject: {fileID: 0}
  m_PrefabInstance: {fileID: 0}
  m_PrefabAsset: {fileID: 0}
  serializedVersion: 6
  m_Component:
  - component: {fileID: 3179411216350019029}
  m_Layer: 0
  m_Name: UpperLip_M
  m_TagString: Untagged
  m_Icon: {fileID: 0}
  m_NavMeshLayer: 0
  m_StaticEditorFlags: 0
  m_IsActive: 1
--- !u!4 &3179411216350019029
Transform:
  m_ObjectHideFlags: 0
  m_CorrespondingSourceObject: {fileID: 0}
  m_PrefabInstance: {fileID: 0}
  m_PrefabAsset: {fileID: 0}
  m_GameObject: {fileID: 2184099480246781524}
  m_LocalRotation: {x: 0, y: -0, z: -0, w: 1}
  m_LocalPosition: {x: 0.10034327, y: 0.13663757, z: -6.752112e-16}
  m_LocalScale: {x: 1, y: 1, z: 1}
  m_Children: []
  m_Father: {fileID: 7943364921548866017}
  m_RootOrder: 16
  m_LocalEulerAnglesHint: {x: 0, y: 0, z: 0}
--- !u!1 &2200373129418445189
GameObject:
  m_ObjectHideFlags: 0
  m_CorrespondingSourceObject: {fileID: 0}
  m_PrefabInstance: {fileID: 0}
  m_PrefabAsset: {fileID: 0}
  serializedVersion: 6
  m_Component:
  - component: {fileID: 1303802185816871231}
  m_Layer: 0
  m_Name: ToesEnd_R
  m_TagString: Untagged
  m_Icon: {fileID: 0}
  m_NavMeshLayer: 0
  m_StaticEditorFlags: 0
  m_IsActive: 1
--- !u!4 &1303802185816871231
Transform:
  m_ObjectHideFlags: 0
  m_CorrespondingSourceObject: {fileID: 0}
  m_PrefabInstance: {fileID: 0}
  m_PrefabAsset: {fileID: 0}
  m_GameObject: {fileID: 2200373129418445189}
  m_LocalRotation: {x: 0, y: -0, z: -0, w: 1}
  m_LocalPosition: {x: -0.093909815, y: -3.4412472e-14, z: 0.00000016266274}
  m_LocalScale: {x: 1, y: 1, z: 1}
  m_Children: []
  m_Father: {fileID: 766626584869305218}
  m_RootOrder: 0
  m_LocalEulerAnglesHint: {x: 0, y: 0, z: 0}
--- !u!1 &2235749596610105112
GameObject:
  m_ObjectHideFlags: 0
  m_CorrespondingSourceObject: {fileID: 0}
  m_PrefabInstance: {fileID: 0}
  m_PrefabAsset: {fileID: 0}
  serializedVersion: 6
  m_Component:
  - component: {fileID: 2047059255447675897}
  m_Layer: 0
  m_Name: ThumbFinger2_L
  m_TagString: Untagged
  m_Icon: {fileID: 0}
  m_NavMeshLayer: 0
  m_StaticEditorFlags: 0
  m_IsActive: 1
--- !u!4 &2047059255447675897
Transform:
  m_ObjectHideFlags: 0
  m_CorrespondingSourceObject: {fileID: 0}
  m_PrefabInstance: {fileID: 0}
  m_PrefabAsset: {fileID: 0}
  m_GameObject: {fileID: 2235749596610105112}
  m_LocalRotation: {x: 0.03688661, y: -0.16513647, z: 0.18535018, w: 0.96799517}
  m_LocalPosition: {x: 0.03559904, y: 1.9895197e-15, z: -1.4210854e-16}
  m_LocalScale: {x: 1, y: 1, z: 1}
  m_Children:
  - {fileID: 3903026508222818754}
  m_Father: {fileID: 4678980891776777080}
  m_RootOrder: 0
  m_LocalEulerAnglesHint: {x: 0, y: 0, z: 0}
--- !u!1 &2331421093091638965
GameObject:
  m_ObjectHideFlags: 0
  m_CorrespondingSourceObject: {fileID: 0}
  m_PrefabInstance: {fileID: 0}
  m_PrefabAsset: {fileID: 0}
  serializedVersion: 6
  m_Component:
  - component: {fileID: 2619035954863678258}
  m_Layer: 0
  m_Name: LowerNose_L
  m_TagString: Untagged
  m_Icon: {fileID: 0}
  m_NavMeshLayer: 0
  m_StaticEditorFlags: 0
  m_IsActive: 1
--- !u!4 &2619035954863678258
Transform:
  m_ObjectHideFlags: 0
  m_CorrespondingSourceObject: {fileID: 0}
  m_PrefabInstance: {fileID: 0}
  m_PrefabAsset: {fileID: 0}
  m_GameObject: {fileID: 2331421093091638965}
  m_LocalRotation: {x: -0, y: 0, z: 1, w: -6.123234e-17}
  m_LocalPosition: {x: 0.07170908, y: 0.12503974, z: 0.020640444}
  m_LocalScale: {x: 1, y: 1, z: 1}
  m_Children: []
  m_Father: {fileID: 7943364921548866017}
  m_RootOrder: 13
  m_LocalEulerAnglesHint: {x: 0, y: 0, z: 0}
--- !u!1 &2557848985937721906
GameObject:
  m_ObjectHideFlags: 0
  m_CorrespondingSourceObject: {fileID: 0}
  m_PrefabInstance: {fileID: 0}
  m_PrefabAsset: {fileID: 0}
  serializedVersion: 6
  m_Component:
  - component: {fileID: 1349330067584253050}
  m_Layer: 0
  m_Name: JawEnd_M
  m_TagString: Untagged
  m_Icon: {fileID: 0}
  m_NavMeshLayer: 0
  m_StaticEditorFlags: 0
  m_IsActive: 1
--- !u!4 &1349330067584253050
Transform:
  m_ObjectHideFlags: 0
  m_CorrespondingSourceObject: {fileID: 0}
  m_PrefabInstance: {fileID: 0}
  m_PrefabAsset: {fileID: 0}
  m_GameObject: {fileID: 2557848985937721906}
  m_LocalRotation: {x: 0, y: -0, z: -0, w: 1}
  m_LocalPosition: {x: -0.09521113, y: 2.8421708e-15, z: -8.242898e-17}
  m_LocalScale: {x: 1, y: 1, z: 1}
  m_Children: []
  m_Father: {fileID: 3472169232287294472}
  m_RootOrder: 1
  m_LocalEulerAnglesHint: {x: 0, y: 0, z: 0}
--- !u!1 &2629365053625403072
GameObject:
  m_ObjectHideFlags: 0
  m_CorrespondingSourceObject: {fileID: 0}
  m_PrefabInstance: {fileID: 0}
  m_PrefabAsset: {fileID: 0}
  serializedVersion: 6
  m_Component:
  - component: {fileID: 3341975906362610862}
  m_Layer: 0
  m_Name: IndexFinger1_L
  m_TagString: Untagged
  m_Icon: {fileID: 0}
  m_NavMeshLayer: 0
  m_StaticEditorFlags: 0
  m_IsActive: 1
--- !u!4 &3341975906362610862
Transform:
  m_ObjectHideFlags: 0
  m_CorrespondingSourceObject: {fileID: 0}
  m_PrefabInstance: {fileID: 0}
  m_PrefabAsset: {fileID: 0}
  m_GameObject: {fileID: 2629365053625403072}
  m_LocalRotation: {x: -0.026169753, y: -0.05346811, z: -0.030135192, w: 0.9977716}
  m_LocalPosition: {x: 0.103645496, y: -0.02030841, z: 0.0022623113}
  m_LocalScale: {x: 1, y: 1, z: 1}
  m_Children:
  - {fileID: 606597011595855096}
  m_Father: {fileID: 5185735488658256602}
  m_RootOrder: 0
  m_LocalEulerAnglesHint: {x: 0, y: 0, z: 0}
--- !u!1 &2666773886833444628
GameObject:
  m_ObjectHideFlags: 0
  m_CorrespondingSourceObject: {fileID: 0}
  m_PrefabInstance: {fileID: 0}
  m_PrefabAsset: {fileID: 0}
  serializedVersion: 6
  m_Component:
  - component: {fileID: 2198790369191523815}
  m_Layer: 0
  m_Name: IndexFinger3_R
  m_TagString: Untagged
  m_Icon: {fileID: 0}
  m_NavMeshLayer: 0
  m_StaticEditorFlags: 0
  m_IsActive: 1
--- !u!4 &2198790369191523815
Transform:
  m_ObjectHideFlags: 0
  m_CorrespondingSourceObject: {fileID: 0}
  m_PrefabInstance: {fileID: 0}
  m_PrefabAsset: {fileID: 0}
  m_GameObject: {fileID: 2666773886833444628}
  m_LocalRotation: {x: 0, y: -0, z: -0, w: 1}
  m_LocalPosition: {x: -0.04207957, y: 1.7763567e-16, z: 1.9895197e-15}
  m_LocalScale: {x: 1, y: 1, z: 1}
  m_Children: []
  m_Father: {fileID: 8691322770759709246}
  m_RootOrder: 0
  m_LocalEulerAnglesHint: {x: 0, y: 0, z: 0}
--- !u!1 &2680575818249637308
GameObject:
  m_ObjectHideFlags: 0
  m_CorrespondingSourceObject: {fileID: 0}
  m_PrefabInstance: {fileID: 0}
  m_PrefabAsset: {fileID: 0}
  serializedVersion: 6
  m_Component:
  - component: {fileID: 6967735804915311974}
  m_Layer: 0
  m_Name: HeadEnd_M
  m_TagString: Untagged
  m_Icon: {fileID: 0}
  m_NavMeshLayer: 0
  m_StaticEditorFlags: 0
  m_IsActive: 1
--- !u!4 &6967735804915311974
Transform:
  m_ObjectHideFlags: 0
  m_CorrespondingSourceObject: {fileID: 0}
  m_PrefabInstance: {fileID: 0}
  m_PrefabAsset: {fileID: 0}
  m_GameObject: {fileID: 2680575818249637308}
  m_LocalRotation: {x: 0, y: -0, z: -0, w: 1}
  m_LocalPosition: {x: -0.09642659, y: 5.939693e-16, z: -1.0533757e-16}
  m_LocalScale: {x: 1, y: 1, z: 1}
  m_Children: []
  m_Father: {fileID: 7943364921548866017}
  m_RootOrder: 11
  m_LocalEulerAnglesHint: {x: 0, y: 0, z: 0}
--- !u!1 &2703272825864028199
GameObject:
  m_ObjectHideFlags: 0
  m_CorrespondingSourceObject: {fileID: 0}
  m_PrefabInstance: {fileID: 0}
  m_PrefabAsset: {fileID: 0}
  serializedVersion: 6
  m_Component:
  - component: {fileID: 9091948136670424758}
  m_Layer: 0
  m_Name: Eye_L
  m_TagString: Untagged
  m_Icon: {fileID: 0}
  m_NavMeshLayer: 0
  m_StaticEditorFlags: 0
  m_IsActive: 1
--- !u!4 &9091948136670424758
Transform:
  m_ObjectHideFlags: 0
  m_CorrespondingSourceObject: {fileID: 0}
  m_PrefabInstance: {fileID: 0}
  m_PrefabAsset: {fileID: 0}
  m_GameObject: {fileID: 2703272825864028199}
  m_LocalRotation: {x: 0, y: 0, z: -0.7071068, w: 0.7071068}
  m_LocalPosition: {x: 0.027244024, y: 0.10484986, z: 0.03423012}
  m_LocalScale: {x: 1, y: 1, z: 1}
  m_Children:
  - {fileID: 1998034374874625673}
  m_Father: {fileID: 7943364921548866017}
  m_RootOrder: 2
  m_LocalEulerAnglesHint: {x: 0, y: 0, z: 0}
--- !u!1 &2730295823896582291
GameObject:
  m_ObjectHideFlags: 0
  m_CorrespondingSourceObject: {fileID: 0}
  m_PrefabInstance: {fileID: 0}
  m_PrefabAsset: {fileID: 0}
  serializedVersion: 6
  m_Component:
  - component: {fileID: 7937582825538858490}
  m_Layer: 0
  m_Name: DeformationSystem
  m_TagString: Untagged
  m_Icon: {fileID: 0}
  m_NavMeshLayer: 0
  m_StaticEditorFlags: 0
  m_IsActive: 1
--- !u!4 &7937582825538858490
Transform:
  m_ObjectHideFlags: 0
  m_CorrespondingSourceObject: {fileID: 0}
  m_PrefabInstance: {fileID: 0}
  m_PrefabAsset: {fileID: 0}
  m_GameObject: {fileID: 2730295823896582291}
  m_LocalRotation: {x: 0, y: -0, z: -0, w: 1}
  m_LocalPosition: {x: -0, y: 0, z: 0}
  m_LocalScale: {x: 1, y: 1, z: 1}
  m_Children:
  - {fileID: 3619922614054508683}
  m_Father: {fileID: 724355389383012395}
  m_RootOrder: 0
  m_LocalEulerAnglesHint: {x: 0, y: 0, z: 0}
--- !u!1 &2757687871950455515
GameObject:
  m_ObjectHideFlags: 0
  m_CorrespondingSourceObject: {fileID: 0}
  m_PrefabInstance: {fileID: 0}
  m_PrefabAsset: {fileID: 0}
  serializedVersion: 6
  m_Component:
  - component: {fileID: 7433980103404982075}
  m_Layer: 0
  m_Name: Elbow_L
  m_TagString: Untagged
  m_Icon: {fileID: 0}
  m_NavMeshLayer: 0
  m_StaticEditorFlags: 0
  m_IsActive: 1
--- !u!4 &7433980103404982075
Transform:
  m_ObjectHideFlags: 0
  m_CorrespondingSourceObject: {fileID: 0}
  m_PrefabInstance: {fileID: 0}
  m_PrefabAsset: {fileID: 0}
  m_GameObject: {fileID: 2757687871950455515}
  m_LocalRotation: {x: 0, y: 0, z: -0.1290162, w: 0.9916425}
  m_LocalPosition: {x: 0.29240897, y: -8.704148e-16, z: -1.1084466e-14}
  m_LocalScale: {x: 1, y: 1, z: 1}
  m_Children:
  - {fileID: 5185735488658256602}
  m_Father: {fileID: 440116832267715661}
  m_RootOrder: 0
  m_LocalEulerAnglesHint: {x: 0, y: 0, z: 0}
--- !u!1 &2778832039840706980
GameObject:
  m_ObjectHideFlags: 0
  m_CorrespondingSourceObject: {fileID: 0}
  m_PrefabInstance: {fileID: 0}
  m_PrefabAsset: {fileID: 0}
  serializedVersion: 6
  m_Component:
  - component: {fileID: 2563343806389039326}
  m_Layer: 0
  m_Name: Hip_L
  m_TagString: Untagged
  m_Icon: {fileID: 0}
  m_NavMeshLayer: 0
  m_StaticEditorFlags: 0
  m_IsActive: 1
--- !u!4 &2563343806389039326
Transform:
  m_ObjectHideFlags: 0
  m_CorrespondingSourceObject: {fileID: 0}
  m_PrefabInstance: {fileID: 0}
  m_PrefabAsset: {fileID: 0}
  m_GameObject: {fileID: 2778832039840706980}
  m_LocalRotation: {x: 0.9986457, y: 0.04921381, z: 0.016525296, w: -0.0034128937}
  m_LocalPosition: {x: 0.020835532, y: -0.0056810114, z: 0.08196866}
  m_LocalScale: {x: 1, y: 1, z: 1}
  m_Children:
  - {fileID: 7106297277805150543}
  m_Father: {fileID: 3619922614054508683}
  m_RootOrder: 0
  m_LocalEulerAnglesHint: {x: 0, y: 0, z: 0}
--- !u!1 &2796832661237178496
GameObject:
  m_ObjectHideFlags: 0
  m_CorrespondingSourceObject: {fileID: 0}
  m_PrefabInstance: {fileID: 0}
  m_PrefabAsset: {fileID: 0}
  serializedVersion: 6
  m_Component:
  - component: {fileID: 2372426360429909378}
  m_Layer: 0
  m_Name: EyebrowOuter_R
  m_TagString: Untagged
  m_Icon: {fileID: 0}
  m_NavMeshLayer: 0
  m_StaticEditorFlags: 0
  m_IsActive: 1
--- !u!4 &2372426360429909378
Transform:
  m_ObjectHideFlags: 0
  m_CorrespondingSourceObject: {fileID: 0}
  m_PrefabInstance: {fileID: 0}
  m_PrefabAsset: {fileID: 0}
  m_GameObject: {fileID: 2796832661237178496}
  m_LocalRotation: {x: 0, y: -0, z: -0, w: 1}
  m_LocalPosition: {x: 0.0021386193, y: 0.103120714, z: -0.06264672}
  m_LocalScale: {x: 1, y: 1, z: 1}
  m_Children: []
  m_Father: {fileID: 7943364921548866017}
  m_RootOrder: 10
  m_LocalEulerAnglesHint: {x: 0, y: 0, z: 0}
--- !u!1 &2832111799098491990
GameObject:
  m_ObjectHideFlags: 0
  m_CorrespondingSourceObject: {fileID: 0}
  m_PrefabInstance: {fileID: 0}
  m_PrefabAsset: {fileID: 0}
  serializedVersion: 6
  m_Component:
  - component: {fileID: 803935594394646989}
  m_Layer: 0
  m_Name: man_fire
  m_TagString: Untagged
  m_Icon: {fileID: 0}
  m_NavMeshLayer: 0
  m_StaticEditorFlags: 0
  m_IsActive: 1
--- !u!4 &803935594394646989
Transform:
  m_ObjectHideFlags: 0
  m_CorrespondingSourceObject: {fileID: 0}
  m_PrefabInstance: {fileID: 0}
  m_PrefabAsset: {fileID: 0}
  m_GameObject: {fileID: 2832111799098491990}
  m_LocalRotation: {x: 0, y: -0, z: -0, w: 1}
  m_LocalPosition: {x: -0, y: 0, z: 0}
  m_LocalScale: {x: 1, y: 1, z: 1}
  m_Children:
  - {fileID: 9197461185293488915}
  - {fileID: 724355389383012395}
  m_Father: {fileID: 0}
  m_RootOrder: 0
  m_LocalEulerAnglesHint: {x: 0, y: 0, z: 0}
--- !u!1 &2848397373779042802
GameObject:
  m_ObjectHideFlags: 0
  m_CorrespondingSourceObject: {fileID: 0}
  m_PrefabInstance: {fileID: 0}
  m_PrefabAsset: {fileID: 0}
  serializedVersion: 6
  m_Component:
  - component: {fileID: 3189261040264626995}
  m_Layer: 0
  m_Name: MiddleFinger2_R
  m_TagString: Untagged
  m_Icon: {fileID: 0}
  m_NavMeshLayer: 0
  m_StaticEditorFlags: 0
  m_IsActive: 1
--- !u!4 &3189261040264626995
Transform:
  m_ObjectHideFlags: 0
  m_CorrespondingSourceObject: {fileID: 0}
  m_PrefabInstance: {fileID: 0}
  m_PrefabAsset: {fileID: 0}
  m_GameObject: {fileID: 2848397373779042802}
  m_LocalRotation: {x: -0.00004076644, y: -0.11435683, z: 0.00770783, w: 0.9934098}
  m_LocalPosition: {x: -0.04418132, y: -1.02140514e-16, z: 1.7053025e-15}
  m_LocalScale: {x: 1, y: 1, z: 1}
  m_Children:
  - {fileID: 4517021159546527817}
  m_Father: {fileID: 1196389059921314816}
  m_RootOrder: 0
  m_LocalEulerAnglesHint: {x: 0, y: 0, z: 0}
--- !u!1 &2875964148905168566
GameObject:
  m_ObjectHideFlags: 0
  m_CorrespondingSourceObject: {fileID: 0}
  m_PrefabInstance: {fileID: 0}
  m_PrefabAsset: {fileID: 0}
  serializedVersion: 6
  m_Component:
  - component: {fileID: 3903026508222818754}
  m_Layer: 0
  m_Name: ThumbFinger3_L
  m_TagString: Untagged
  m_Icon: {fileID: 0}
  m_NavMeshLayer: 0
  m_StaticEditorFlags: 0
  m_IsActive: 1
--- !u!4 &3903026508222818754
Transform:
  m_ObjectHideFlags: 0
  m_CorrespondingSourceObject: {fileID: 0}
  m_PrefabInstance: {fileID: 0}
  m_PrefabAsset: {fileID: 0}
  m_GameObject: {fileID: 2875964148905168566}
  m_LocalRotation: {x: 0, y: -0, z: -0, w: 1}
  m_LocalPosition: {x: 0.039265227, y: -5.684342e-16, z: -3.5527135e-16}
  m_LocalScale: {x: 1, y: 1, z: 1}
  m_Children: []
  m_Father: {fileID: 2047059255447675897}
  m_RootOrder: 0
  m_LocalEulerAnglesHint: {x: 0, y: 0, z: 0}
--- !u!1 &3026017918717714876
GameObject:
  m_ObjectHideFlags: 0
  m_CorrespondingSourceObject: {fileID: 0}
  m_PrefabInstance: {fileID: 0}
  m_PrefabAsset: {fileID: 0}
  serializedVersion: 6
  m_Component:
  - component: {fileID: 9169426039420983629}
  m_Layer: 0
  m_Name: Ankle_R
  m_TagString: Untagged
  m_Icon: {fileID: 0}
  m_NavMeshLayer: 0
  m_StaticEditorFlags: 0
  m_IsActive: 1
--- !u!4 &9169426039420983629
Transform:
  m_ObjectHideFlags: 0
  m_CorrespondingSourceObject: {fileID: 0}
  m_PrefabInstance: {fileID: 0}
  m_PrefabAsset: {fileID: 0}
  m_GameObject: {fileID: 3026017918717714876}
  m_LocalRotation: {x: -0.015682181, y: -0.014591521, z: -0.11298468, w: 0.9933658}
  m_LocalPosition: {x: -0.37618104, y: 3.5083046e-15, z: 4.440892e-16}
  m_LocalScale: {x: 1, y: 1, z: 1}
  m_Children:
  - {fileID: 766626584869305218}
  m_Father: {fileID: 2462351173944347860}
  m_RootOrder: 0
  m_LocalEulerAnglesHint: {x: 0, y: 0, z: 0}
--- !u!1 &3225187684405596461
GameObject:
  m_ObjectHideFlags: 0
  m_CorrespondingSourceObject: {fileID: 0}
  m_PrefabInstance: {fileID: 0}
  m_PrefabAsset: {fileID: 0}
  serializedVersion: 6
  m_Component:
  - component: {fileID: 4108507912306462852}
  m_Layer: 0
  m_Name: PinkyFinger2_R
  m_TagString: Untagged
  m_Icon: {fileID: 0}
  m_NavMeshLayer: 0
  m_StaticEditorFlags: 0
  m_IsActive: 1
--- !u!4 &4108507912306462852
Transform:
  m_ObjectHideFlags: 0
  m_CorrespondingSourceObject: {fileID: 0}
  m_PrefabInstance: {fileID: 0}
  m_PrefabAsset: {fileID: 0}
  m_GameObject: {fileID: 3225187684405596461}
  m_LocalRotation: {x: 0.010369882, y: -0.034996968, z: -0.053354748, w: 0.9979083}
  m_LocalPosition: {x: -0.04922278, y: -1.0658141e-16, z: 1.7053025e-15}
  m_LocalScale: {x: 1, y: 1, z: 1}
  m_Children:
  - {fileID: 7361071443735489329}
  m_Father: {fileID: 4539274699468430988}
  m_RootOrder: 0
  m_LocalEulerAnglesHint: {x: 0, y: 0, z: 0}
--- !u!1 &3329307213070180990
GameObject:
  m_ObjectHideFlags: 0
  m_CorrespondingSourceObject: {fileID: 0}
  m_PrefabInstance: {fileID: 0}
  m_PrefabAsset: {fileID: 0}
  serializedVersion: 6
  m_Component:
  - component: {fileID: 4941362671831502580}
  m_Layer: 0
  m_Name: Ankle_L
  m_TagString: Untagged
  m_Icon: {fileID: 0}
  m_NavMeshLayer: 0
  m_StaticEditorFlags: 0
  m_IsActive: 1
--- !u!4 &4941362671831502580
Transform:
  m_ObjectHideFlags: 0
  m_CorrespondingSourceObject: {fileID: 0}
  m_PrefabInstance: {fileID: 0}
  m_PrefabAsset: {fileID: 0}
  m_GameObject: {fileID: 3329307213070180990}
  m_LocalRotation: {x: -0.015682181, y: -0.01459152, z: -0.112984665, w: 0.9933658}
  m_LocalPosition: {x: 0.37618104, y: 2.3980816e-16, z: -4.440892e-16}
  m_LocalScale: {x: 1, y: 1, z: 1}
  m_Children:
  - {fileID: 6055541197426053506}
  m_Father: {fileID: 7106297277805150543}
  m_RootOrder: 0
  m_LocalEulerAnglesHint: {x: 0, y: 0, z: 0}
--- !u!1 &3338025539215280069
GameObject:
  m_ObjectHideFlags: 0
  m_CorrespondingSourceObject: {fileID: 0}
  m_PrefabInstance: {fileID: 0}
  m_PrefabAsset: {fileID: 0}
  serializedVersion: 6
  m_Component:
  - component: {fileID: 4678980891776777080}
  m_Layer: 0
  m_Name: ThumbFinger1_L
  m_TagString: Untagged
  m_Icon: {fileID: 0}
  m_NavMeshLayer: 0
  m_StaticEditorFlags: 0
  m_IsActive: 1
--- !u!4 &4678980891776777080
Transform:
  m_ObjectHideFlags: 0
  m_CorrespondingSourceObject: {fileID: 0}
  m_PrefabInstance: {fileID: 0}
  m_PrefabAsset: {fileID: 0}
  m_GameObject: {fileID: 3338025539215280069}
  m_LocalRotation: {x: -0.513159, y: -0.086052366, z: -0.3675967, w: 0.7708019}
  m_LocalPosition: {x: 0.06696085, y: -0.032880183, z: 0.006129249}
  m_LocalScale: {x: 1, y: 1, z: 1}
  m_Children:
  - {fileID: 2047059255447675897}
  m_Father: {fileID: 5185735488658256602}
  m_RootOrder: 4
  m_LocalEulerAnglesHint: {x: 0, y: 0, z: 0}
--- !u!1 &3464179300378836744
GameObject:
  m_ObjectHideFlags: 0
  m_CorrespondingSourceObject: {fileID: 0}
  m_PrefabInstance: {fileID: 0}
  m_PrefabAsset: {fileID: 0}
  serializedVersion: 6
  m_Component:
  - component: {fileID: 9197461185293488915}
  m_Layer: 0
  m_Name: Geometry
  m_TagString: Untagged
  m_Icon: {fileID: 0}
  m_NavMeshLayer: 0
  m_StaticEditorFlags: 0
  m_IsActive: 1
--- !u!4 &9197461185293488915
Transform:
  m_ObjectHideFlags: 0
  m_CorrespondingSourceObject: {fileID: 0}
  m_PrefabInstance: {fileID: 0}
  m_PrefabAsset: {fileID: 0}
  m_GameObject: {fileID: 3464179300378836744}
  m_LocalRotation: {x: 0, y: -0, z: -0, w: 1}
  m_LocalPosition: {x: -0, y: 0, z: 0}
  m_LocalScale: {x: 1, y: 1, z: 1}
  m_Children:
  - {fileID: 7353455047026280283}
  m_Father: {fileID: 803935594394646989}
  m_RootOrder: 0
  m_LocalEulerAnglesHint: {x: 0, y: 0, z: 0}
--- !u!1 &3550859670016395327
GameObject:
  m_ObjectHideFlags: 0
  m_CorrespondingSourceObject: {fileID: 0}
  m_PrefabInstance: {fileID: 0}
  m_PrefabAsset: {fileID: 0}
  serializedVersion: 6
  m_Component:
  - component: {fileID: 5710379312240643646}
  m_Layer: 0
  m_Name: RingFinger2_R
  m_TagString: Untagged
  m_Icon: {fileID: 0}
  m_NavMeshLayer: 0
  m_StaticEditorFlags: 0
  m_IsActive: 1
--- !u!4 &5710379312240643646
Transform:
  m_ObjectHideFlags: 0
  m_CorrespondingSourceObject: {fileID: 0}
  m_PrefabInstance: {fileID: 0}
  m_PrefabAsset: {fileID: 0}
  m_GameObject: {fileID: 3550859670016395327}
  m_LocalRotation: {x: -0.0023640916, y: -0.0989144, z: 0.004004074, w: 0.9950851}
  m_LocalPosition: {x: -0.04753537, y: -9.7699626e-17, z: 2.2737367e-15}
  m_LocalScale: {x: 1, y: 1, z: 1}
  m_Children:
  - {fileID: 337981700148323517}
  m_Father: {fileID: 992794897545685538}
  m_RootOrder: 0
  m_LocalEulerAnglesHint: {x: 0, y: 0, z: 0}
--- !u!1 &3735987118987954985
GameObject:
  m_ObjectHideFlags: 0
  m_CorrespondingSourceObject: {fileID: 0}
  m_PrefabInstance: {fileID: 0}
  m_PrefabAsset: {fileID: 0}
  serializedVersion: 6
  m_Component:
  - component: {fileID: 440116832267715661}
  m_Layer: 0
  m_Name: Shoulder_L
  m_TagString: Untagged
  m_Icon: {fileID: 0}
  m_NavMeshLayer: 0
  m_StaticEditorFlags: 0
  m_IsActive: 1
--- !u!4 &440116832267715661
Transform:
  m_ObjectHideFlags: 0
  m_CorrespondingSourceObject: {fileID: 0}
  m_PrefabInstance: {fileID: 0}
  m_PrefabAsset: {fileID: 0}
  m_GameObject: {fileID: 3735987118987954985}
  m_LocalRotation: {x: 0.055521425, y: -0.011580597, z: -0.20577817, w: 0.97695374}
  m_LocalPosition: {x: 0.104209974, y: -2.2707168e-13, z: 3.126388e-15}
  m_LocalScale: {x: 1, y: 1, z: 1}
  m_Children:
  - {fileID: 7433980103404982075}
  m_Father: {fileID: 8137245374753094459}
  m_RootOrder: 0
  m_LocalEulerAnglesHint: {x: 0, y: 0, z: 0}
--- !u!1 &3763075557416338350
GameObject:
  m_ObjectHideFlags: 0
  m_CorrespondingSourceObject: {fileID: 0}
  m_PrefabInstance: {fileID: 0}
  m_PrefabAsset: {fileID: 0}
  serializedVersion: 6
  m_Component:
  - component: {fileID: 8235436525527373869}
  m_Layer: 0
  m_Name: IndexFinger3_L
  m_TagString: Untagged
  m_Icon: {fileID: 0}
  m_NavMeshLayer: 0
  m_StaticEditorFlags: 0
  m_IsActive: 1
--- !u!4 &8235436525527373869
Transform:
  m_ObjectHideFlags: 0
  m_CorrespondingSourceObject: {fileID: 0}
  m_PrefabInstance: {fileID: 0}
  m_PrefabAsset: {fileID: 0}
  m_GameObject: {fileID: 3763075557416338350}
  m_LocalRotation: {x: 0, y: -0, z: -0, w: 1}
  m_LocalPosition: {x: 0.04207957, y: 0, z: -1.4210854e-15}
  m_LocalScale: {x: 1, y: 1, z: 1}
  m_Children: []
  m_Father: {fileID: 606597011595855096}
  m_RootOrder: 0
  m_LocalEulerAnglesHint: {x: 0, y: 0, z: 0}
--- !u!1 &4154323528309792306
GameObject:
  m_ObjectHideFlags: 0
  m_CorrespondingSourceObject: {fileID: 0}
  m_PrefabInstance: {fileID: 0}
  m_PrefabAsset: {fileID: 0}
  serializedVersion: 6
  m_Component:
  - component: {fileID: 1399955272258692854}
  m_Layer: 0
  m_Name: Cheek_R
  m_TagString: Untagged
  m_Icon: {fileID: 0}
  m_NavMeshLayer: 0
  m_StaticEditorFlags: 0
  m_IsActive: 1
--- !u!4 &1399955272258692854
Transform:
  m_ObjectHideFlags: 0
  m_CorrespondingSourceObject: {fileID: 0}
  m_PrefabInstance: {fileID: 0}
  m_PrefabAsset: {fileID: 0}
  m_GameObject: {fileID: 4154323528309792306}
  m_LocalRotation: {x: 0, y: -0, z: -0, w: 1}
  m_LocalPosition: {x: 0.06519327, y: 0.09166024, z: -0.065865785}
  m_LocalScale: {x: 1, y: 1, z: 1}
  m_Children: []
  m_Father: {fileID: 7943364921548866017}
  m_RootOrder: 1
  m_LocalEulerAnglesHint: {x: 0, y: 0, z: 0}
--- !u!1 &4189328083196260313
GameObject:
  m_ObjectHideFlags: 0
  m_CorrespondingSourceObject: {fileID: 0}
  m_PrefabInstance: {fileID: 0}
  m_PrefabAsset: {fileID: 0}
  serializedVersion: 6
  m_Component:
  - component: {fileID: 2501288446857471941}
  m_Layer: 0
  m_Name: RingFinger3_L
  m_TagString: Untagged
  m_Icon: {fileID: 0}
  m_NavMeshLayer: 0
  m_StaticEditorFlags: 0
  m_IsActive: 1
--- !u!4 &2501288446857471941
Transform:
  m_ObjectHideFlags: 0
  m_CorrespondingSourceObject: {fileID: 0}
  m_PrefabInstance: {fileID: 0}
  m_PrefabAsset: {fileID: 0}
  m_GameObject: {fileID: 4189328083196260313}
  m_LocalRotation: {x: 0, y: -0, z: -0, w: 1}
  m_LocalPosition: {x: 0.042304706, y: -9.7699626e-17, z: 1.7053025e-15}
  m_LocalScale: {x: 1, y: 1, z: 1}
  m_Children: []
  m_Father: {fileID: 226989388395930030}
  m_RootOrder: 0
  m_LocalEulerAnglesHint: {x: 0, y: 0, z: 0}
--- !u!1 &4267503112340319658
GameObject:
  m_ObjectHideFlags: 0
  m_CorrespondingSourceObject: {fileID: 0}
  m_PrefabInstance: {fileID: 0}
  m_PrefabAsset: {fileID: 0}
  serializedVersion: 6
  m_Component:
  - component: {fileID: 4975043151700751935}
  m_Layer: 0
  m_Name: MiddleFinger3_L
  m_TagString: Untagged
  m_Icon: {fileID: 0}
  m_NavMeshLayer: 0
  m_StaticEditorFlags: 0
  m_IsActive: 1
--- !u!4 &4975043151700751935
Transform:
  m_ObjectHideFlags: 0
  m_CorrespondingSourceObject: {fileID: 0}
  m_PrefabInstance: {fileID: 0}
  m_PrefabAsset: {fileID: 0}
  m_GameObject: {fileID: 4267503112340319658}
  m_LocalRotation: {x: 0, y: -0, z: -0, w: 1}
  m_LocalPosition: {x: 0.04433157, y: 5.4231793e-15, z: -7.958079e-15}
  m_LocalScale: {x: 1, y: 1, z: 1}
  m_Children: []
  m_Father: {fileID: 6741217290510972528}
  m_RootOrder: 0
  m_LocalEulerAnglesHint: {x: 0, y: 0, z: 0}
--- !u!1 &4356760272225761343
GameObject:
  m_ObjectHideFlags: 0
  m_CorrespondingSourceObject: {fileID: 0}
  m_PrefabInstance: {fileID: 0}
  m_PrefabAsset: {fileID: 0}
  serializedVersion: 6
  m_Component:
  - component: {fileID: 3908629897235074651}
  m_Layer: 0
  m_Name: PinkyFinger2_L
  m_TagString: Untagged
  m_Icon: {fileID: 0}
  m_NavMeshLayer: 0
  m_StaticEditorFlags: 0
  m_IsActive: 1
--- !u!4 &3908629897235074651
Transform:
  m_ObjectHideFlags: 0
  m_CorrespondingSourceObject: {fileID: 0}
  m_PrefabInstance: {fileID: 0}
  m_PrefabAsset: {fileID: 0}
  m_GameObject: {fileID: 4356760272225761343}
  m_LocalRotation: {x: 0.010369882, y: -0.034996968, z: -0.053354748, w: 0.9979083}
  m_LocalPosition: {x: 0.04922278, y: -3.5527136e-17, z: -1.7053025e-15}
  m_LocalScale: {x: 1, y: 1, z: 1}
  m_Children:
  - {fileID: 3570605196386624389}
  m_Father: {fileID: 5450093521910192592}
  m_RootOrder: 0
  m_LocalEulerAnglesHint: {x: 0, y: 0, z: 0}
--- !u!1 &4727365887466087781
GameObject:
  m_ObjectHideFlags: 0
  m_CorrespondingSourceObject: {fileID: 0}
  m_PrefabInstance: {fileID: 0}
  m_PrefabAsset: {fileID: 0}
  serializedVersion: 6
  m_Component:
  - component: {fileID: 5450093521910192592}
  m_Layer: 0
  m_Name: PinkyFinger1_L
  m_TagString: Untagged
  m_Icon: {fileID: 0}
  m_NavMeshLayer: 0
  m_StaticEditorFlags: 0
  m_IsActive: 1
--- !u!4 &5450093521910192592
Transform:
  m_ObjectHideFlags: 0
  m_CorrespondingSourceObject: {fileID: 0}
  m_PrefabInstance: {fileID: 0}
  m_PrefabAsset: {fileID: 0}
  m_GameObject: {fileID: 4727365887466087781}
  m_LocalRotation: {x: 0.034510165, y: -0.08043701, z: 0.20537077, w: 0.97476244}
  m_LocalPosition: {x: 0.0889727, y: 0.03919939, z: -0.0030241408}
  m_LocalScale: {x: 1, y: 1, z: 1}
  m_Children:
  - {fileID: 3908629897235074651}
  m_Father: {fileID: 5185735488658256602}
  m_RootOrder: 2
  m_LocalEulerAnglesHint: {x: 0, y: 0, z: 0}
--- !u!1 &4755844876149090302
GameObject:
  m_ObjectHideFlags: 0
  m_CorrespondingSourceObject: {fileID: 0}
  m_PrefabInstance: {fileID: 0}
  m_PrefabAsset: {fileID: 0}
  serializedVersion: 6
  m_Component:
  - component: {fileID: 1092348207040680777}
  m_Layer: 0
  m_Name: Neck_M
  m_TagString: Untagged
  m_Icon: {fileID: 0}
  m_NavMeshLayer: 0
  m_StaticEditorFlags: 0
  m_IsActive: 1
--- !u!4 &1092348207040680777
Transform:
  m_ObjectHideFlags: 0
  m_CorrespondingSourceObject: {fileID: 0}
  m_PrefabInstance: {fileID: 0}
  m_PrefabAsset: {fileID: 0}
  m_GameObject: {fileID: 4755844876149090302}
  m_LocalRotation: {x: 0, y: 0, z: -0.08188232, w: 0.99664205}
  m_LocalPosition: {x: -0.1372251, y: -2.1316282e-16, z: 6.5693287e-16}
  m_LocalScale: {x: 1, y: 1, z: 1}
  m_Children:
  - {fileID: 7943364921548866017}
  m_Father: {fileID: 6592775136972134495}
  m_RootOrder: 0
  m_LocalEulerAnglesHint: {x: 0, y: 0, z: 0}
--- !u!1 &5073887175636510795
GameObject:
  m_ObjectHideFlags: 0
  m_CorrespondingSourceObject: {fileID: 0}
  m_PrefabInstance: {fileID: 0}
  m_PrefabAsset: {fileID: 0}
  serializedVersion: 6
  m_Component:
  - component: {fileID: 2462351173944347860}
  m_Layer: 0
  m_Name: Knee_R
  m_TagString: Untagged
  m_Icon: {fileID: 0}
  m_NavMeshLayer: 0
  m_StaticEditorFlags: 0
  m_IsActive: 1
--- !u!4 &2462351173944347860
Transform:
  m_ObjectHideFlags: 0
  m_CorrespondingSourceObject: {fileID: 0}
  m_PrefabInstance: {fileID: 0}
  m_PrefabAsset: {fileID: 0}
  m_GameObject: {fileID: 5073887175636510795}
  m_LocalRotation: {x: 0, y: 0, z: 0.16938055, w: 0.98555076}
  m_LocalPosition: {x: -0.46579918, y: -7.105427e-16, z: 4.0856205e-16}
  m_LocalScale: {x: 1, y: 1, z: 1}
  m_Children:
  - {fileID: 9169426039420983629}
  m_Father: {fileID: 2854717923265958395}
  m_RootOrder: 0
  m_LocalEulerAnglesHint: {x: 0, y: 0, z: 0}
--- !u!1 &5080486203976701426
GameObject:
  m_ObjectHideFlags: 0
  m_CorrespondingSourceObject: {fileID: 0}
  m_PrefabInstance: {fileID: 0}
  m_PrefabAsset: {fileID: 0}
  serializedVersion: 6
  m_Component:
  - component: {fileID: 8691322770759709246}
  m_Layer: 0
  m_Name: IndexFinger2_R
  m_TagString: Untagged
  m_Icon: {fileID: 0}
  m_NavMeshLayer: 0
  m_StaticEditorFlags: 0
  m_IsActive: 1
--- !u!4 &8691322770759709246
Transform:
  m_ObjectHideFlags: 0
  m_CorrespondingSourceObject: {fileID: 0}
  m_PrefabInstance: {fileID: 0}
  m_PrefabAsset: {fileID: 0}
  m_GameObject: {fileID: 5080486203976701426}
  m_LocalRotation: {x: -0.010358365, y: -0.052148737, z: 0.043961853, w: 0.9976175}
  m_LocalPosition: {x: -0.04966167, y: -3.907985e-16, z: 0}
  m_LocalScale: {x: 1, y: 1, z: 1}
  m_Children:
  - {fileID: 2198790369191523815}
  m_Father: {fileID: 6434223627334769985}
  m_RootOrder: 0
  m_LocalEulerAnglesHint: {x: 0, y: 0, z: 0}
--- !u!1 &5227646116893651243
GameObject:
  m_ObjectHideFlags: 0
  m_CorrespondingSourceObject: {fileID: 0}
  m_PrefabInstance: {fileID: 0}
  m_PrefabAsset: {fileID: 0}
  serializedVersion: 6
  m_Component:
  - component: {fileID: 724355389383012395}
  m_Layer: 0
  m_Name: Main
  m_TagString: Untagged
  m_Icon: {fileID: 0}
  m_NavMeshLayer: 0
  m_StaticEditorFlags: 0
  m_IsActive: 1
--- !u!4 &724355389383012395
Transform:
  m_ObjectHideFlags: 0
  m_CorrespondingSourceObject: {fileID: 0}
  m_PrefabInstance: {fileID: 0}
  m_PrefabAsset: {fileID: 0}
  m_GameObject: {fileID: 5227646116893651243}
  m_LocalRotation: {x: 0, y: -0, z: -0, w: 1}
  m_LocalPosition: {x: -0, y: 0, z: 0}
  m_LocalScale: {x: 1, y: 1, z: 1}
  m_Children:
  - {fileID: 7937582825538858490}
  m_Father: {fileID: 803935594394646989}
  m_RootOrder: 1
  m_LocalEulerAnglesHint: {x: 0, y: 0, z: 0}
--- !u!1 &5345261258049436794
GameObject:
  m_ObjectHideFlags: 0
  m_CorrespondingSourceObject: {fileID: 0}
  m_PrefabInstance: {fileID: 0}
  m_PrefabAsset: {fileID: 0}
  serializedVersion: 6
  m_Component:
  - component: {fileID: 337981700148323517}
  m_Layer: 0
  m_Name: RingFinger3_R
  m_TagString: Untagged
  m_Icon: {fileID: 0}
  m_NavMeshLayer: 0
  m_StaticEditorFlags: 0
  m_IsActive: 1
--- !u!4 &337981700148323517
Transform:
  m_ObjectHideFlags: 0
  m_CorrespondingSourceObject: {fileID: 0}
  m_PrefabInstance: {fileID: 0}
  m_PrefabAsset: {fileID: 0}
  m_GameObject: {fileID: 5345261258049436794}
  m_LocalRotation: {x: 0, y: -0, z: -0, w: 1}
  m_LocalPosition: {x: -0.042304706, y: 0, z: 1.1368684e-15}
  m_LocalScale: {x: 1, y: 1, z: 1}
  m_Children: []
  m_Father: {fileID: 5710379312240643646}
  m_RootOrder: 0
  m_LocalEulerAnglesHint: {x: 0, y: 0, z: 0}
--- !u!1 &5383768073307592465
GameObject:
  m_ObjectHideFlags: 0
  m_CorrespondingSourceObject: {fileID: 0}
  m_PrefabInstance: {fileID: 0}
  m_PrefabAsset: {fileID: 0}
  serializedVersion: 6
  m_Component:
  - component: {fileID: 6741217290510972528}
  m_Layer: 0
  m_Name: MiddleFinger2_L
  m_TagString: Untagged
  m_Icon: {fileID: 0}
  m_NavMeshLayer: 0
  m_StaticEditorFlags: 0
  m_IsActive: 1
--- !u!4 &6741217290510972528
Transform:
  m_ObjectHideFlags: 0
  m_CorrespondingSourceObject: {fileID: 0}
  m_PrefabInstance: {fileID: 0}
  m_PrefabAsset: {fileID: 0}
  m_GameObject: {fileID: 5383768073307592465}
  m_LocalRotation: {x: -0.00004076644, y: -0.11435683, z: 0.00770783, w: 0.9934098}
  m_LocalPosition: {x: 0.04418132, y: 9.992007e-18, z: -8.5265126e-16}
  m_LocalScale: {x: 1, y: 1, z: 1}
  m_Children:
  - {fileID: 4975043151700751935}
  m_Father: {fileID: 4839701196904976667}
  m_RootOrder: 0
  m_LocalEulerAnglesHint: {x: 0, y: 0, z: 0}
--- !u!1 &5549167173205159096
GameObject:
  m_ObjectHideFlags: 0
  m_CorrespondingSourceObject: {fileID: 0}
  m_PrefabInstance: {fileID: 0}
  m_PrefabAsset: {fileID: 0}
  serializedVersion: 6
  m_Component:
  - component: {fileID: 226989388395930030}
  m_Layer: 0
  m_Name: RingFinger2_L
  m_TagString: Untagged
  m_Icon: {fileID: 0}
  m_NavMeshLayer: 0
  m_StaticEditorFlags: 0
  m_IsActive: 1
--- !u!4 &226989388395930030
Transform:
  m_ObjectHideFlags: 0
  m_CorrespondingSourceObject: {fileID: 0}
  m_PrefabInstance: {fileID: 0}
  m_PrefabAsset: {fileID: 0}
  m_GameObject: {fileID: 5549167173205159096}
  m_LocalRotation: {x: -0.0023640916, y: -0.0989144, z: 0.004004074, w: 0.9950851}
  m_LocalPosition: {x: 0.04753537, y: 6.217249e-17, z: -3.126388e-15}
  m_LocalScale: {x: 1, y: 1, z: 1}
  m_Children:
  - {fileID: 2501288446857471941}
  m_Father: {fileID: 7005653563908700702}
  m_RootOrder: 0
  m_LocalEulerAnglesHint: {x: 0, y: 0, z: 0}
--- !u!1 &5581876384708667093
GameObject:
  m_ObjectHideFlags: 0
  m_CorrespondingSourceObject: {fileID: 0}
  m_PrefabInstance: {fileID: 0}
  m_PrefabAsset: {fileID: 0}
  serializedVersion: 6
  m_Component:
  - component: {fileID: 3570605196386624389}
  m_Layer: 0
  m_Name: PinkyFinger3_L
  m_TagString: Untagged
  m_Icon: {fileID: 0}
  m_NavMeshLayer: 0
  m_StaticEditorFlags: 0
  m_IsActive: 1
--- !u!4 &3570605196386624389
Transform:
  m_ObjectHideFlags: 0
  m_CorrespondingSourceObject: {fileID: 0}
  m_PrefabInstance: {fileID: 0}
  m_PrefabAsset: {fileID: 0}
  m_GameObject: {fileID: 5581876384708667093}
  m_LocalRotation: {x: 0, y: -0, z: -0, w: 1}
  m_LocalPosition: {x: 0.037715204, y: 0, z: -1.1368684e-15}
  m_LocalScale: {x: 1, y: 1, z: 1}
  m_Children: []
  m_Father: {fileID: 3908629897235074651}
  m_RootOrder: 0
  m_LocalEulerAnglesHint: {x: 0, y: 0, z: 0}
--- !u!1 &5640849647043055376
GameObject:
  m_ObjectHideFlags: 0
  m_CorrespondingSourceObject: {fileID: 0}
  m_PrefabInstance: {fileID: 0}
  m_PrefabAsset: {fileID: 0}
  serializedVersion: 6
  m_Component:
  - component: {fileID: 4996420850632450189}
  m_Layer: 0
  m_Name: Spine1_M
  m_TagString: Untagged
  m_Icon: {fileID: 0}
  m_NavMeshLayer: 0
  m_StaticEditorFlags: 0
  m_IsActive: 1
--- !u!4 &4996420850632450189
Transform:
  m_ObjectHideFlags: 0
  m_CorrespondingSourceObject: {fileID: 0}
  m_PrefabInstance: {fileID: 0}
  m_PrefabAsset: {fileID: 0}
  m_GameObject: {fileID: 5640849647043055376}
  m_LocalRotation: {x: 0, y: 0, z: -0.032334954, w: 0.9994771}
  m_LocalPosition: {x: -0.17391375, y: 9.05942e-16, z: -1.0708535e-16}
  m_LocalScale: {x: 1, y: 1, z: 1}
  m_Children:
  - {fileID: 6592775136972134495}
  m_Father: {fileID: 3619922614054508683}
  m_RootOrder: 2
  m_LocalEulerAnglesHint: {x: 0, y: 0, z: 0}
--- !u!1 &5845249551667217782
GameObject:
  m_ObjectHideFlags: 0
  m_CorrespondingSourceObject: {fileID: 0}
  m_PrefabInstance: {fileID: 0}
  m_PrefabAsset: {fileID: 0}
  serializedVersion: 6
  m_Component:
  - component: {fileID: 6369295785232041091}
  m_Layer: 0
  m_Name: Wrist_R
  m_TagString: Untagged
  m_Icon: {fileID: 0}
  m_NavMeshLayer: 0
  m_StaticEditorFlags: 0
  m_IsActive: 1
--- !u!4 &6369295785232041091
Transform:
  m_ObjectHideFlags: 0
  m_CorrespondingSourceObject: {fileID: 0}
  m_PrefabInstance: {fileID: 0}
  m_PrefabAsset: {fileID: 0}
  m_GameObject: {fileID: 5845249551667217782}
  m_LocalRotation: {x: -0.04265517, y: -0.098314226, z: 0.018093325, w: 0.9940762}
  m_LocalPosition: {x: -0.28931677, y: -9.325873e-17, z: 1.4495072e-14}
  m_LocalScale: {x: 1, y: 1, z: 1}
  m_Children:
  - {fileID: 6434223627334769985}
  - {fileID: 1196389059921314816}
  - {fileID: 4539274699468430988}
  - {fileID: 992794897545685538}
  - {fileID: 9066208864335090397}
  m_Father: {fileID: 5291559941343429355}
  m_RootOrder: 0
  m_LocalEulerAnglesHint: {x: 0, y: 0, z: 0}
--- !u!1 &6138499802021941531
GameObject:
  m_ObjectHideFlags: 0
  m_CorrespondingSourceObject: {fileID: 0}
  m_PrefabInstance: {fileID: 0}
  m_PrefabAsset: {fileID: 0}
  serializedVersion: 6
  m_Component:
  - component: {fileID: 4539274699468430988}
  m_Layer: 0
  m_Name: PinkyFinger1_R
  m_TagString: Untagged
  m_Icon: {fileID: 0}
  m_NavMeshLayer: 0
  m_StaticEditorFlags: 0
  m_IsActive: 1
--- !u!4 &4539274699468430988
Transform:
  m_ObjectHideFlags: 0
  m_CorrespondingSourceObject: {fileID: 0}
  m_PrefabInstance: {fileID: 0}
  m_PrefabAsset: {fileID: 0}
  m_GameObject: {fileID: 6138499802021941531}
  m_LocalRotation: {x: 0.034510165, y: -0.08043701, z: 0.20537077, w: 0.97476244}
  m_LocalPosition: {x: -0.0889727, y: -0.03919939, z: 0.0030241408}
  m_LocalScale: {x: 1, y: 1, z: 1}
  m_Children:
  - {fileID: 4108507912306462852}
  m_Father: {fileID: 6369295785232041091}
  m_RootOrder: 2
  m_LocalEulerAnglesHint: {x: 0, y: 0, z: 0}
--- !u!1 &6240663065775838031
GameObject:
  m_ObjectHideFlags: 0
  m_CorrespondingSourceObject: {fileID: 0}
  m_PrefabInstance: {fileID: 0}
  m_PrefabAsset: {fileID: 0}
  serializedVersion: 6
  m_Component:
  - component: {fileID: 4207541472141297681}
  m_Layer: 0
  m_Name: OuterMouth_R
  m_TagString: Untagged
  m_Icon: {fileID: 0}
  m_NavMeshLayer: 0
  m_StaticEditorFlags: 0
  m_IsActive: 1
--- !u!4 &4207541472141297681
Transform:
  m_ObjectHideFlags: 0
  m_CorrespondingSourceObject: {fileID: 0}
  m_PrefabInstance: {fileID: 0}
  m_PrefabAsset: {fileID: 0}
  m_GameObject: {fileID: 6240663065775838031}
  m_LocalRotation: {x: 0, y: -0, z: -0, w: 1}
  m_LocalPosition: {x: -0.0764952, y: -0.029030904, z: -0.032475587}
  m_LocalScale: {x: 1, y: 1, z: 1}
  m_Children: []
  m_Father: {fileID: 3472169232287294472}
  m_RootOrder: 5
  m_LocalEulerAnglesHint: {x: 0, y: 0, z: 0}
--- !u!1 &6273499020944177990
GameObject:
  m_ObjectHideFlags: 0
  m_CorrespondingSourceObject: {fileID: 0}
  m_PrefabInstance: {fileID: 0}
  m_PrefabAsset: {fileID: 0}
  serializedVersion: 6
  m_Component:
  - component: {fileID: 4517021159546527817}
  m_Layer: 0
  m_Name: MiddleFinger3_R
  m_TagString: Untagged
  m_Icon: {fileID: 0}
  m_NavMeshLayer: 0
  m_StaticEditorFlags: 0
  m_IsActive: 1
--- !u!4 &4517021159546527817
Transform:
  m_ObjectHideFlags: 0
  m_CorrespondingSourceObject: {fileID: 0}
  m_PrefabInstance: {fileID: 0}
  m_PrefabAsset: {fileID: 0}
  m_GameObject: {fileID: 6273499020944177990}
  m_LocalRotation: {x: 0, y: -0, z: -0, w: 1}
  m_LocalPosition: {x: -0.04433157, y: -5.4045657e-15, z: 6.252776e-15}
  m_LocalScale: {x: 1, y: 1, z: 1}
  m_Children: []
  m_Father: {fileID: 3189261040264626995}
  m_RootOrder: 0
  m_LocalEulerAnglesHint: {x: 0, y: 0, z: 0}
--- !u!1 &6354182627928828022
GameObject:
  m_ObjectHideFlags: 0
  m_CorrespondingSourceObject: {fileID: 0}
  m_PrefabInstance: {fileID: 0}
  m_PrefabAsset: {fileID: 0}
  serializedVersion: 6
  m_Component:
  - component: {fileID: 4275540897786294617}
  m_Layer: 0
  m_Name: ToesEnd_L
  m_TagString: Untagged
  m_Icon: {fileID: 0}
  m_NavMeshLayer: 0
  m_StaticEditorFlags: 0
  m_IsActive: 1
--- !u!4 &4275540897786294617
Transform:
  m_ObjectHideFlags: 0
  m_CorrespondingSourceObject: {fileID: 0}
  m_PrefabInstance: {fileID: 0}
  m_PrefabAsset: {fileID: 0}
  m_GameObject: {fileID: 6354182627928828022}
  m_LocalRotation: {x: 0.000000107297424, y: 0.0000008824477, z: -9.4684365e-14, w: 1}
  m_LocalPosition: {x: 0.093909815, y: 4.2632563e-16, z: 6.2789834e-10}
  m_LocalScale: {x: 1, y: 1, z: 1}
  m_Children: []
  m_Father: {fileID: 6055541197426053506}
  m_RootOrder: 0
  m_LocalEulerAnglesHint: {x: 0, y: 0, z: 0}
--- !u!1 &6409564345454157318
GameObject:
  m_ObjectHideFlags: 0
  m_CorrespondingSourceObject: {fileID: 0}
  m_PrefabInstance: {fileID: 0}
  m_PrefabAsset: {fileID: 0}
  serializedVersion: 6
  m_Component:
  - component: {fileID: 1196389059921314816}
  m_Layer: 0
  m_Name: MiddleFinger1_R
  m_TagString: Untagged
  m_Icon: {fileID: 0}
  m_NavMeshLayer: 0
  m_StaticEditorFlags: 0
  m_IsActive: 1
--- !u!4 &1196389059921314816
Transform:
  m_ObjectHideFlags: 0
  m_CorrespondingSourceObject: {fileID: 0}
  m_PrefabInstance: {fileID: 0}
  m_PrefabAsset: {fileID: 0}
  m_GameObject: {fileID: 6409564345454157318}
  m_LocalRotation: {x: 0.003307169, y: -0.03463293, z: 0.061490722, w: 0.99750113}
  m_LocalPosition: {x: -0.11278203, y: 8.8817837e-17, z: -3.694822e-15}
  m_LocalScale: {x: 1, y: 1, z: 1}
  m_Children:
  - {fileID: 3189261040264626995}
  m_Father: {fileID: 6369295785232041091}
  m_RootOrder: 1
  m_LocalEulerAnglesHint: {x: 0, y: 0, z: 0}
--- !u!1 &6440910983992066507
GameObject:
  m_ObjectHideFlags: 0
  m_CorrespondingSourceObject: {fileID: 0}
  m_PrefabInstance: {fileID: 0}
  m_PrefabAsset: {fileID: 0}
  serializedVersion: 6
  m_Component:
  - component: {fileID: 7706229966441196113}
  m_Layer: 0
  m_Name: ThumbFinger2_R
  m_TagString: Untagged
  m_Icon: {fileID: 0}
  m_NavMeshLayer: 0
  m_StaticEditorFlags: 0
  m_IsActive: 1
--- !u!4 &7706229966441196113
Transform:
  m_ObjectHideFlags: 0
  m_CorrespondingSourceObject: {fileID: 0}
  m_PrefabInstance: {fileID: 0}
  m_PrefabAsset: {fileID: 0}
  m_GameObject: {fileID: 6440910983992066507}
  m_LocalRotation: {x: 0.03688661, y: -0.16513647, z: 0.18535018, w: 0.96799517}
  m_LocalPosition: {x: -0.03559904, y: -1.4210854e-15, z: 0}
  m_LocalScale: {x: 1, y: 1, z: 1}
  m_Children:
  - {fileID: 3809820117598161765}
  m_Father: {fileID: 9066208864335090397}
  m_RootOrder: 0
  m_LocalEulerAnglesHint: {x: 0, y: 0, z: 0}
--- !u!1 &6811941324699593402
GameObject:
  m_ObjectHideFlags: 0
  m_CorrespondingSourceObject: {fileID: 0}
  m_PrefabInstance: {fileID: 0}
  m_PrefabAsset: {fileID: 0}
  serializedVersion: 6
  m_Component:
  - component: {fileID: 2812311446057406703}
  m_Layer: 0
  m_Name: Cheek_L
  m_TagString: Untagged
  m_Icon: {fileID: 0}
  m_NavMeshLayer: 0
  m_StaticEditorFlags: 0
  m_IsActive: 1
--- !u!4 &2812311446057406703
Transform:
  m_ObjectHideFlags: 0
  m_CorrespondingSourceObject: {fileID: 0}
  m_PrefabInstance: {fileID: 0}
  m_PrefabAsset: {fileID: 0}
  m_GameObject: {fileID: 6811941324699593402}
  m_LocalRotation: {x: -0, y: 0, z: 1, w: -6.123234e-17}
  m_LocalPosition: {x: 0.06519327, y: 0.09166024, z: 0.065865785}
  m_LocalScale: {x: 1, y: 1, z: 1}
  m_Children: []
  m_Father: {fileID: 7943364921548866017}
  m_RootOrder: 0
  m_LocalEulerAnglesHint: {x: 0, y: 0, z: 0}
--- !u!1 &6939580348697918531
GameObject:
  m_ObjectHideFlags: 0
  m_CorrespondingSourceObject: {fileID: 0}
  m_PrefabInstance: {fileID: 0}
  m_PrefabAsset: {fileID: 0}
  serializedVersion: 6
  m_Component:
  - component: {fileID: 7353455047026280283}
  - component: {fileID: 4258347114549519900}
  m_Layer: 0
  m_Name: man_fire
  m_TagString: Untagged
  m_Icon: {fileID: 0}
  m_NavMeshLayer: 0
  m_StaticEditorFlags: 0
  m_IsActive: 1
--- !u!4 &7353455047026280283
Transform:
  m_ObjectHideFlags: 0
  m_CorrespondingSourceObject: {fileID: 0}
  m_PrefabInstance: {fileID: 0}
  m_PrefabAsset: {fileID: 0}
  m_GameObject: {fileID: 6939580348697918531}
  m_LocalRotation: {x: 0, y: -0, z: -0, w: 1}
  m_LocalPosition: {x: -0, y: 0, z: 0}
  m_LocalScale: {x: 1, y: 1, z: 1}
  m_Children: []
  m_Father: {fileID: 9197461185293488915}
  m_RootOrder: 0
  m_LocalEulerAnglesHint: {x: 0, y: 0, z: 0}
--- !u!137 &4258347114549519900
SkinnedMeshRenderer:
  m_ObjectHideFlags: 0
  m_CorrespondingSourceObject: {fileID: 0}
  m_PrefabInstance: {fileID: 0}
  m_PrefabAsset: {fileID: 0}
  m_GameObject: {fileID: 6939580348697918531}
  m_Enabled: 1
  m_CastShadows: 1
  m_ReceiveShadows: 1
  m_DynamicOccludee: 1
  m_MotionVectors: 1
  m_LightProbeUsage: 1
  m_ReflectionProbeUsage: 1
  m_RayTracingMode: 0
  m_RenderingLayerMask: 1
  m_RendererPriority: 0
  m_Materials:
  - {fileID: 2100000, guid: f03213e836b6d46eda1d4f0531452375, type: 2}
  m_StaticBatchInfo:
    firstSubMesh: 0
    subMeshCount: 0
  m_StaticBatchRoot: {fileID: 0}
  m_ProbeAnchor: {fileID: 0}
  m_LightProbeVolumeOverride: {fileID: 0}
  m_ScaleInLightmap: 1
  m_ReceiveGI: 1
  m_PreserveUVs: 0
  m_IgnoreNormalsForChartDetection: 0
  m_ImportantGI: 0
  m_StitchLightmapSeams: 0
  m_SelectedEditorRenderState: 3
  m_MinimumChartSize: 4
  m_AutoUVMaxDistance: 0.5
  m_AutoUVMaxAngle: 89
  m_LightmapParameters: {fileID: 0}
  m_SortingLayerID: 0
  m_SortingLayer: 0
  m_SortingOrder: 0
  serializedVersion: 2
  m_Quality: 0
  m_UpdateWhenOffscreen: 0
  m_SkinnedMotionVectors: 1
  m_Mesh: {fileID: 4300188, guid: a4a3ba617ed9c5946bb76844ec1ef299, type: 3}
  m_Bones:
  - {fileID: 3619922614054508683}
  - {fileID: 2854717923265958395}
  - {fileID: 2462351173944347860}
  - {fileID: 9169426039420983629}
  - {fileID: 766626584869305218}
  - {fileID: 1303802185816871231}
  - {fileID: 4996420850632450189}
  - {fileID: 6592775136972134495}
  - {fileID: 5649708856688952073}
  - {fileID: 7535813120351368752}
  - {fileID: 5291559941343429355}
  - {fileID: 6369295785232041091}
  - {fileID: 1196389059921314816}
  - {fileID: 3189261040264626995}
  - {fileID: 4517021159546527817}
  - {fileID: 9066208864335090397}
  - {fileID: 7706229966441196113}
  - {fileID: 3809820117598161765}
  - {fileID: 6434223627334769985}
  - {fileID: 8691322770759709246}
  - {fileID: 2198790369191523815}
  - {fileID: 992794897545685538}
  - {fileID: 5710379312240643646}
  - {fileID: 337981700148323517}
  - {fileID: 4539274699468430988}
  - {fileID: 4108507912306462852}
  - {fileID: 7361071443735489329}
  - {fileID: 1092348207040680777}
  - {fileID: 7943364921548866017}
  - {fileID: 2000235480901950822}
  - {fileID: 6330444133653211757}
  - {fileID: 3472169232287294472}
  - {fileID: 1349330067584253050}
  - {fileID: 4207541472141297681}
  - {fileID: 5261196145550307763}
  - {fileID: 2454666151125747706}
  - {fileID: 8963733256130715261}
  - {fileID: 1827209551257170337}
  - {fileID: 6967735804915311974}
  - {fileID: 1399955272258692854}
  - {fileID: 2688049965135621536}
  - {fileID: 4265991445015681928}
  - {fileID: 5790108195347674598}
  - {fileID: 84561027624255261}
  - {fileID: 3360866939760987015}
  - {fileID: 8191383981702468161}
  - {fileID: 2372426360429909378}
  - {fileID: 3179411216350019029}
  - {fileID: 9091948136670424758}
  - {fileID: 1998034374874625673}
  - {fileID: 2812311446057406703}
  - {fileID: 2619035954863678258}
  - {fileID: 8583682714267696043}
  - {fileID: 2458849663553589798}
  - {fileID: 7542549427418547303}
  - {fileID: 2555335058503208060}
  - {fileID: 8137245374753094459}
  - {fileID: 440116832267715661}
  - {fileID: 7433980103404982075}
  - {fileID: 5185735488658256602}
  - {fileID: 4839701196904976667}
  - {fileID: 6741217290510972528}
  - {fileID: 4975043151700751935}
  - {fileID: 4678980891776777080}
  - {fileID: 2047059255447675897}
  - {fileID: 3903026508222818754}
  - {fileID: 3341975906362610862}
  - {fileID: 606597011595855096}
  - {fileID: 8235436525527373869}
  - {fileID: 7005653563908700702}
  - {fileID: 226989388395930030}
  - {fileID: 2501288446857471941}
  - {fileID: 5450093521910192592}
  - {fileID: 3908629897235074651}
  - {fileID: 3570605196386624389}
  - {fileID: 2563343806389039326}
  - {fileID: 7106297277805150543}
  - {fileID: 4941362671831502580}
  - {fileID: 6055541197426053506}
  - {fileID: 4275540897786294617}
  m_BlendShapeWeights: []
  m_RootBone: {fileID: 3619922614054508683}
  m_AABB:
    m_Center: {x: 0.076796114, y: -0.025992759, z: -0.000000029802322}
    m_Extent: {x: 0.9678506, y: 0.2700312, z: 0.9391484}
  m_DirtyAABB: 0
--- !u!1 &6987474096283662337
GameObject:
  m_ObjectHideFlags: 0
  m_CorrespondingSourceObject: {fileID: 0}
  m_PrefabInstance: {fileID: 0}
  m_PrefabAsset: {fileID: 0}
  serializedVersion: 6
  m_Component:
  - component: {fileID: 6330444133653211757}
  m_Layer: 0
  m_Name: EyeEnd_R
  m_TagString: Untagged
  m_Icon: {fileID: 0}
  m_NavMeshLayer: 0
  m_StaticEditorFlags: 0
  m_IsActive: 1
--- !u!4 &6330444133653211757
Transform:
  m_ObjectHideFlags: 0
  m_CorrespondingSourceObject: {fileID: 0}
  m_PrefabInstance: {fileID: 0}
  m_PrefabAsset: {fileID: 0}
  m_GameObject: {fileID: 6987474096283662337}
  m_LocalRotation: {x: 0, y: -0, z: -0, w: 1}
  m_LocalPosition: {x: -0.017087016, y: -3.410605e-15, z: 1.8651746e-16}
  m_LocalScale: {x: 1, y: 1, z: 1}
  m_Children: []
  m_Father: {fileID: 2000235480901950822}
  m_RootOrder: 0
  m_LocalEulerAnglesHint: {x: 0, y: 0, z: 0}
--- !u!1 &7093919243750144302
GameObject:
  m_ObjectHideFlags: 0
  m_CorrespondingSourceObject: {fileID: 0}
  m_PrefabInstance: {fileID: 0}
  m_PrefabAsset: {fileID: 0}
  serializedVersion: 6
  m_Component:
  - component: {fileID: 6055541197426053506}
  m_Layer: 0
  m_Name: Toes_L
  m_TagString: Untagged
  m_Icon: {fileID: 0}
  m_NavMeshLayer: 0
  m_StaticEditorFlags: 0
  m_IsActive: 1
--- !u!4 &6055541197426053506
Transform:
  m_ObjectHideFlags: 0
  m_CorrespondingSourceObject: {fileID: 0}
  m_PrefabInstance: {fileID: 0}
  m_PrefabAsset: {fileID: 0}
  m_GameObject: {fileID: 7093919243750144302}
  m_LocalRotation: {x: 0.0074467263, y: 0.00583214, z: -0.61656046, w: 0.7872508}
  m_LocalPosition: {x: 0.11049568, y: -0.08593043, z: -4.7784e-15}
  m_LocalScale: {x: 1, y: 1, z: 1}
  m_Children:
  - {fileID: 4275540897786294617}
  m_Father: {fileID: 4941362671831502580}
  m_RootOrder: 0
  m_LocalEulerAnglesHint: {x: 0, y: 0, z: 0}
--- !u!1 &7239829380632684587
GameObject:
  m_ObjectHideFlags: 0
  m_CorrespondingSourceObject: {fileID: 0}
  m_PrefabInstance: {fileID: 0}
  m_PrefabAsset: {fileID: 0}
  serializedVersion: 6
  m_Component:
  - component: {fileID: 7943364921548866017}
  m_Layer: 0
  m_Name: Head_M
  m_TagString: Untagged
  m_Icon: {fileID: 0}
  m_NavMeshLayer: 0
  m_StaticEditorFlags: 0
  m_IsActive: 1
--- !u!4 &7943364921548866017
Transform:
  m_ObjectHideFlags: 0
  m_CorrespondingSourceObject: {fileID: 0}
  m_PrefabInstance: {fileID: 0}
  m_PrefabAsset: {fileID: 0}
  m_GameObject: {fileID: 7239829380632684587}
  m_LocalRotation: {x: 0, y: 0, z: -0.0026177324, w: 0.9999966}
  m_LocalPosition: {x: -0.14186166, y: -5.595524e-16, z: 1.00361824e-16}
  m_LocalScale: {x: 1, y: 1, z: 1}
  m_Children:
  - {fileID: 2812311446057406703}
  - {fileID: 1399955272258692854}
  - {fileID: 9091948136670424758}
  - {fileID: 2000235480901950822}
  - {fileID: 5790108195347674598}
  - {fileID: 2458849663553589798}
  - {fileID: 3360866939760987015}
  - {fileID: 7542549427418547303}
  - {fileID: 8191383981702468161}
  - {fileID: 2555335058503208060}
  - {fileID: 2372426360429909378}
  - {fileID: 6967735804915311974}
  - {fileID: 3472169232287294472}
  - {fileID: 2619035954863678258}
  - {fileID: 2688049965135621536}
  - {fileID: 84561027624255261}
  - {fileID: 3179411216350019029}
  - {fileID: 8583682714267696043}
  - {fileID: 4265991445015681928}
  m_Father: {fileID: 1092348207040680777}
  m_RootOrder: 0
  m_LocalEulerAnglesHint: {x: 0, y: 0, z: 0}
--- !u!1 &7243380657620845476
GameObject:
  m_ObjectHideFlags: 0
  m_CorrespondingSourceObject: {fileID: 0}
  m_PrefabInstance: {fileID: 0}
  m_PrefabAsset: {fileID: 0}
  serializedVersion: 6
  m_Component:
  - component: {fileID: 7005653563908700702}
  m_Layer: 0
  m_Name: RingFinger1_L
  m_TagString: Untagged
  m_Icon: {fileID: 0}
  m_NavMeshLayer: 0
  m_StaticEditorFlags: 0
  m_IsActive: 1
--- !u!4 &7005653563908700702
Transform:
  m_ObjectHideFlags: 0
  m_CorrespondingSourceObject: {fileID: 0}
  m_PrefabInstance: {fileID: 0}
  m_PrefabAsset: {fileID: 0}
  m_GameObject: {fileID: 7243380657620845476}
  m_LocalRotation: {x: 0.015659727, y: -0.046022035, z: 0.1182647, w: 0.9917914}
  m_LocalPosition: {x: 0.101038806, y: 0.023444807, z: -0.0015910169}
  m_LocalScale: {x: 1, y: 1, z: 1}
  m_Children:
  - {fileID: 226989388395930030}
  m_Father: {fileID: 5185735488658256602}
  m_RootOrder: 3
  m_LocalEulerAnglesHint: {x: 0, y: 0, z: 0}
--- !u!1 &7440710308281732600
GameObject:
  m_ObjectHideFlags: 0
  m_CorrespondingSourceObject: {fileID: 0}
  m_PrefabInstance: {fileID: 0}
  m_PrefabAsset: {fileID: 0}
  serializedVersion: 6
  m_Component:
  - component: {fileID: 5790108195347674598}
  m_Layer: 0
  m_Name: EyebrowCenter_M
  m_TagString: Untagged
  m_Icon: {fileID: 0}
  m_NavMeshLayer: 0
  m_StaticEditorFlags: 0
  m_IsActive: 1
--- !u!4 &5790108195347674598
Transform:
  m_ObjectHideFlags: 0
  m_CorrespondingSourceObject: {fileID: 0}
  m_PrefabInstance: {fileID: 0}
  m_PrefabAsset: {fileID: 0}
  m_GameObject: {fileID: 7440710308281732600}
  m_LocalRotation: {x: 0, y: -0, z: -0, w: 1}
  m_LocalPosition: {x: -0.004035544, y: 0.13062547, z: -6.976728e-16}
  m_LocalScale: {x: 1, y: 1, z: 1}
  m_Children: []
  m_Father: {fileID: 7943364921548866017}
  m_RootOrder: 4
  m_LocalEulerAnglesHint: {x: 0, y: 0, z: 0}
--- !u!1 &7487838322995585929
GameObject:
  m_ObjectHideFlags: 0
  m_CorrespondingSourceObject: {fileID: 0}
  m_PrefabInstance: {fileID: 0}
  m_PrefabAsset: {fileID: 0}
  serializedVersion: 6
  m_Component:
  - component: {fileID: 992794897545685538}
  m_Layer: 0
  m_Name: RingFinger1_R
  m_TagString: Untagged
  m_Icon: {fileID: 0}
  m_NavMeshLayer: 0
  m_StaticEditorFlags: 0
  m_IsActive: 1
--- !u!4 &992794897545685538
Transform:
  m_ObjectHideFlags: 0
  m_CorrespondingSourceObject: {fileID: 0}
  m_PrefabInstance: {fileID: 0}
  m_PrefabAsset: {fileID: 0}
  m_GameObject: {fileID: 7487838322995585929}
  m_LocalRotation: {x: 0.015659727, y: -0.046022035, z: 0.1182647, w: 0.9917914}
  m_LocalPosition: {x: -0.101038806, y: -0.023444807, z: 0.0015910169}
  m_LocalScale: {x: 1, y: 1, z: 1}
  m_Children:
  - {fileID: 5710379312240643646}
  m_Father: {fileID: 6369295785232041091}
  m_RootOrder: 3
  m_LocalEulerAnglesHint: {x: 0, y: 0, z: 0}
--- !u!1 &7523298194179690707
GameObject:
  m_ObjectHideFlags: 0
  m_CorrespondingSourceObject: {fileID: 0}
  m_PrefabInstance: {fileID: 0}
  m_PrefabAsset: {fileID: 0}
  serializedVersion: 6
  m_Component:
  - component: {fileID: 766626584869305218}
  m_Layer: 0
  m_Name: Toes_R
  m_TagString: Untagged
  m_Icon: {fileID: 0}
  m_NavMeshLayer: 0
  m_StaticEditorFlags: 0
  m_IsActive: 1
--- !u!4 &766626584869305218
Transform:
  m_ObjectHideFlags: 0
  m_CorrespondingSourceObject: {fileID: 0}
  m_PrefabInstance: {fileID: 0}
  m_PrefabAsset: {fileID: 0}
  m_GameObject: {fileID: 7523298194179690707}
  m_LocalRotation: {x: 0.007446021, y: 0.0058315876, z: -0.6165604, w: 0.7872508}
  m_LocalPosition: {x: -0.11049568, y: 0.08593043, z: 5.009326e-15}
  m_LocalScale: {x: 1, y: 1, z: 1}
  m_Children:
  - {fileID: 1303802185816871231}
  m_Father: {fileID: 9169426039420983629}
  m_RootOrder: 0
  m_LocalEulerAnglesHint: {x: 0, y: 0, z: 0}
--- !u!1 &7642005858959140013
GameObject:
  m_ObjectHideFlags: 0
  m_CorrespondingSourceObject: {fileID: 0}
  m_PrefabInstance: {fileID: 0}
  m_PrefabAsset: {fileID: 0}
  serializedVersion: 6
  m_Component:
  - component: {fileID: 5185735488658256602}
  m_Layer: 0
  m_Name: Wrist_L
  m_TagString: Untagged
  m_Icon: {fileID: 0}
  m_NavMeshLayer: 0
  m_StaticEditorFlags: 0
  m_IsActive: 1
--- !u!4 &5185735488658256602
Transform:
  m_ObjectHideFlags: 0
  m_CorrespondingSourceObject: {fileID: 0}
  m_PrefabInstance: {fileID: 0}
  m_PrefabAsset: {fileID: 0}
  m_GameObject: {fileID: 7642005858959140013}
  m_LocalRotation: {x: -0.04265517, y: -0.098314226, z: 0.018093325, w: 0.9940762}
  m_LocalPosition: {x: 0.28931677, y: -2.753353e-16, z: -1.2789769e-14}
  m_LocalScale: {x: 1, y: 1, z: 1}
  m_Children:
  - {fileID: 3341975906362610862}
  - {fileID: 4839701196904976667}
  - {fileID: 5450093521910192592}
  - {fileID: 7005653563908700702}
  - {fileID: 4678980891776777080}
  m_Father: {fileID: 7433980103404982075}
  m_RootOrder: 0
  m_LocalEulerAnglesHint: {x: 0, y: 0, z: 0}
--- !u!1 &7662611564589276524
GameObject:
  m_ObjectHideFlags: 0
  m_CorrespondingSourceObject: {fileID: 0}
  m_PrefabInstance: {fileID: 0}
  m_PrefabAsset: {fileID: 0}
  serializedVersion: 6
  m_Component:
  - component: {fileID: 6434223627334769985}
  m_Layer: 0
  m_Name: IndexFinger1_R
  m_TagString: Untagged
  m_Icon: {fileID: 0}
  m_NavMeshLayer: 0
  m_StaticEditorFlags: 0
  m_IsActive: 1
--- !u!4 &6434223627334769985
Transform:
  m_ObjectHideFlags: 0
  m_CorrespondingSourceObject: {fileID: 0}
  m_PrefabInstance: {fileID: 0}
  m_PrefabAsset: {fileID: 0}
  m_GameObject: {fileID: 7662611564589276524}
  m_LocalRotation: {x: -0.026169753, y: -0.05346811, z: -0.030135192, w: 0.9977716}
  m_LocalPosition: {x: -0.103645496, y: 0.02030841, z: -0.0022623113}
  m_LocalScale: {x: 1, y: 1, z: 1}
  m_Children:
  - {fileID: 8691322770759709246}
  m_Father: {fileID: 6369295785232041091}
  m_RootOrder: 0
  m_LocalEulerAnglesHint: {x: 0, y: 0, z: 0}
--- !u!1 &7873184201551953185
GameObject:
  m_ObjectHideFlags: 0
  m_CorrespondingSourceObject: {fileID: 0}
  m_PrefabInstance: {fileID: 0}
  m_PrefabAsset: {fileID: 0}
  serializedVersion: 6
  m_Component:
  - component: {fileID: 2688049965135621536}
  m_Layer: 0
  m_Name: LowerNose_R
  m_TagString: Untagged
  m_Icon: {fileID: 0}
  m_NavMeshLayer: 0
  m_StaticEditorFlags: 0
  m_IsActive: 1
--- !u!4 &2688049965135621536
Transform:
  m_ObjectHideFlags: 0
  m_CorrespondingSourceObject: {fileID: 0}
  m_PrefabInstance: {fileID: 0}
  m_PrefabAsset: {fileID: 0}
  m_GameObject: {fileID: 7873184201551953185}
  m_LocalRotation: {x: 0, y: -0, z: -0, w: 1}
  m_LocalPosition: {x: 0.07170908, y: 0.12503974, z: -0.020640444}
  m_LocalScale: {x: 1, y: 1, z: 1}
  m_Children: []
  m_Father: {fileID: 7943364921548866017}
  m_RootOrder: 14
  m_LocalEulerAnglesHint: {x: 0, y: 0, z: 0}
--- !u!1 &7908129799876424120
GameObject:
  m_ObjectHideFlags: 0
  m_CorrespondingSourceObject: {fileID: 0}
  m_PrefabInstance: {fileID: 0}
  m_PrefabAsset: {fileID: 0}
  serializedVersion: 6
  m_Component:
  - component: {fileID: 3619922614054508683}
  m_Layer: 0
  m_Name: Root_M
  m_TagString: Untagged
  m_Icon: {fileID: 0}
  m_NavMeshLayer: 0
  m_StaticEditorFlags: 0
  m_IsActive: 1
--- !u!4 &3619922614054508683
Transform:
  m_ObjectHideFlags: 0
  m_CorrespondingSourceObject: {fileID: 0}
  m_PrefabInstance: {fileID: 0}
  m_PrefabAsset: {fileID: 0}
  m_GameObject: {fileID: 7908129799876424120}
  m_LocalRotation: {x: 0.49605373, y: -0.5039154, z: -0.49605373, w: 0.5039154}
  m_LocalPosition: {x: -1.9709482e-17, y: 0.982851, z: 0.015691962}
  m_LocalScale: {x: 1, y: 1, z: 1}
  m_Children:
  - {fileID: 2563343806389039326}
  - {fileID: 2854717923265958395}
  - {fileID: 4996420850632450189}
  m_Father: {fileID: 7937582825538858490}
  m_RootOrder: 0
  m_LocalEulerAnglesHint: {x: 0, y: 0, z: 0}
--- !u!1 &8268941025864797954
GameObject:
  m_ObjectHideFlags: 0
  m_CorrespondingSourceObject: {fileID: 0}
  m_PrefabInstance: {fileID: 0}
  m_PrefabAsset: {fileID: 0}
  serializedVersion: 6
  m_Component:
  - component: {fileID: 2454666151125747706}
  m_Layer: 0
  m_Name: LowerCheek_R
  m_TagString: Untagged
  m_Icon: {fileID: 0}
  m_NavMeshLayer: 0
  m_StaticEditorFlags: 0
  m_IsActive: 1
--- !u!4 &2454666151125747706
Transform:
  m_ObjectHideFlags: 0
  m_CorrespondingSourceObject: {fileID: 0}
  m_PrefabInstance: {fileID: 0}
  m_PrefabAsset: {fileID: 0}
  m_GameObject: {fileID: 8268941025864797954}
  m_LocalRotation: {x: 0, y: -0, z: -0, w: 1}
  m_LocalPosition: {x: -0.046832543, y: -0.019741269, z: -0.060822643}
  m_LocalScale: {x: 1, y: 1, z: 1}
  m_Children: []
  m_Father: {fileID: 3472169232287294472}
  m_RootOrder: 3
  m_LocalEulerAnglesHint: {x: 0, y: 0, z: 0}
--- !u!1 &8283877004703860610
GameObject:
  m_ObjectHideFlags: 0
  m_CorrespondingSourceObject: {fileID: 0}
  m_PrefabInstance: {fileID: 0}
  m_PrefabAsset: {fileID: 0}
  serializedVersion: 6
  m_Component:
  - component: {fileID: 3360866939760987015}
  m_Layer: 0
  m_Name: EyebrowInner_R
  m_TagString: Untagged
  m_Icon: {fileID: 0}
  m_NavMeshLayer: 0
  m_StaticEditorFlags: 0
  m_IsActive: 1
--- !u!4 &3360866939760987015
Transform:
  m_ObjectHideFlags: 0
  m_CorrespondingSourceObject: {fileID: 0}
  m_PrefabInstance: {fileID: 0}
  m_PrefabAsset: {fileID: 0}
  m_GameObject: {fileID: 8283877004703860610}
  m_LocalRotation: {x: 0, y: -0, z: -0, w: 1}
  m_LocalPosition: {x: 0.0017180871, y: 0.13114001, z: -0.019924846}
  m_LocalScale: {x: 1, y: 1, z: 1}
  m_Children: []
  m_Father: {fileID: 7943364921548866017}
  m_RootOrder: 6
  m_LocalEulerAnglesHint: {x: 0, y: 0, z: 0}
--- !u!1 &8318130606809552425
GameObject:
  m_ObjectHideFlags: 0
  m_CorrespondingSourceObject: {fileID: 0}
  m_PrefabInstance: {fileID: 0}
  m_PrefabAsset: {fileID: 0}
  serializedVersion: 6
  m_Component:
  - component: {fileID: 5649708856688952073}
  m_Layer: 0
  m_Name: Scapula_R
  m_TagString: Untagged
  m_Icon: {fileID: 0}
  m_NavMeshLayer: 0
  m_StaticEditorFlags: 0
  m_IsActive: 1
--- !u!4 &5649708856688952073
Transform:
  m_ObjectHideFlags: 0
  m_CorrespondingSourceObject: {fileID: 0}
  m_PrefabInstance: {fileID: 0}
  m_PrefabAsset: {fileID: 0}
  m_GameObject: {fileID: 8318130606809552425}
  m_LocalRotation: {x: -0.23960042, y: -0.6653586, z: 0.12414108, w: 0.6960449}
  m_LocalPosition: {x: -0.0037425128, y: -0.0078088413, z: -0.062583625}
  m_LocalScale: {x: 1, y: 1, z: 1}
  m_Children:
  - {fileID: 7535813120351368752}
  m_Father: {fileID: 6592775136972134495}
  m_RootOrder: 2
  m_LocalEulerAnglesHint: {x: 0, y: 0, z: 0}
--- !u!1 &8329941711519945408
GameObject:
  m_ObjectHideFlags: 0
  m_CorrespondingSourceObject: {fileID: 0}
  m_PrefabInstance: {fileID: 0}
  m_PrefabAsset: {fileID: 0}
  serializedVersion: 6
  m_Component:
  - component: {fileID: 3809820117598161765}
  m_Layer: 0
  m_Name: ThumbFinger3_R
  m_TagString: Untagged
  m_Icon: {fileID: 0}
  m_NavMeshLayer: 0
  m_StaticEditorFlags: 0
  m_IsActive: 1
--- !u!4 &3809820117598161765
Transform:
  m_ObjectHideFlags: 0
  m_CorrespondingSourceObject: {fileID: 0}
  m_PrefabInstance: {fileID: 0}
  m_PrefabAsset: {fileID: 0}
  m_GameObject: {fileID: 8329941711519945408}
  m_LocalRotation: {x: 0, y: -0, z: -0, w: 1}
  m_LocalPosition: {x: -0.039265227, y: 1.7053025e-15, z: -5.684342e-16}
  m_LocalScale: {x: 1, y: 1, z: 1}
  m_Children: []
  m_Father: {fileID: 7706229966441196113}
  m_RootOrder: 0
  m_LocalEulerAnglesHint: {x: 0, y: 0, z: 0}
--- !u!1 &8554917742892884006
GameObject:
  m_ObjectHideFlags: 0
  m_CorrespondingSourceObject: {fileID: 0}
  m_PrefabInstance: {fileID: 0}
  m_PrefabAsset: {fileID: 0}
  serializedVersion: 6
  m_Component:
  - component: {fileID: 9066208864335090397}
  m_Layer: 0
  m_Name: ThumbFinger1_R
  m_TagString: Untagged
  m_Icon: {fileID: 0}
  m_NavMeshLayer: 0
  m_StaticEditorFlags: 0
  m_IsActive: 1
--- !u!4 &9066208864335090397
Transform:
  m_ObjectHideFlags: 0
  m_CorrespondingSourceObject: {fileID: 0}
  m_PrefabInstance: {fileID: 0}
  m_PrefabAsset: {fileID: 0}
  m_GameObject: {fileID: 8554917742892884006}
  m_LocalRotation: {x: -0.513159, y: -0.086052366, z: -0.3675967, w: 0.7708019}
  m_LocalPosition: {x: -0.06696085, y: 0.032880183, z: -0.006129249}
  m_LocalScale: {x: 1, y: 1, z: 1}
  m_Children:
  - {fileID: 7706229966441196113}
  m_Father: {fileID: 6369295785232041091}
  m_RootOrder: 4
  m_LocalEulerAnglesHint: {x: 0, y: 0, z: 0}
--- !u!1 &8660344975131933461
GameObject:
  m_ObjectHideFlags: 0
  m_CorrespondingSourceObject: {fileID: 0}
  m_PrefabInstance: {fileID: 0}
  m_PrefabAsset: {fileID: 0}
  serializedVersion: 6
  m_Component:
  - component: {fileID: 7106297277805150543}
  m_Layer: 0
  m_Name: Knee_L
  m_TagString: Untagged
  m_Icon: {fileID: 0}
  m_NavMeshLayer: 0
  m_StaticEditorFlags: 0
  m_IsActive: 1
--- !u!4 &7106297277805150543
Transform:
  m_ObjectHideFlags: 0
  m_CorrespondingSourceObject: {fileID: 0}
  m_PrefabInstance: {fileID: 0}
  m_PrefabAsset: {fileID: 0}
  m_GameObject: {fileID: 8660344975131933461}
  m_LocalRotation: {x: 0, y: 0, z: 0.16938055, w: 0.98555076}
  m_LocalPosition: {x: 0.46579918, y: 3.5527135e-16, z: -3.907985e-16}
  m_LocalScale: {x: 1, y: 1, z: 1}
  m_Children:
  - {fileID: 4941362671831502580}
  m_Father: {fileID: 2563343806389039326}
  m_RootOrder: 0
  m_LocalEulerAnglesHint: {x: 0, y: 0, z: 0}
--- !u!1 &8792010272240338053
GameObject:
  m_ObjectHideFlags: 0
  m_CorrespondingSourceObject: {fileID: 0}
  m_PrefabInstance: {fileID: 0}
  m_PrefabAsset: {fileID: 0}
  serializedVersion: 6
  m_Component:
  - component: {fileID: 4265991445015681928}
  m_Layer: 0
  m_Name: UpperNose_R
  m_TagString: Untagged
  m_Icon: {fileID: 0}
  m_NavMeshLayer: 0
  m_StaticEditorFlags: 0
  m_IsActive: 1
--- !u!4 &4265991445015681928
Transform:
  m_ObjectHideFlags: 0
  m_CorrespondingSourceObject: {fileID: 0}
  m_PrefabInstance: {fileID: 0}
  m_PrefabAsset: {fileID: 0}
  m_GameObject: {fileID: 8792010272240338053}
  m_LocalRotation: {x: 0, y: -0, z: -0, w: 1}
  m_LocalPosition: {x: 0.03668772, y: 0.113807015, z: -0.015082455}
  m_LocalScale: {x: 1, y: 1, z: 1}
  m_Children: []
  m_Father: {fileID: 7943364921548866017}
  m_RootOrder: 18
  m_LocalEulerAnglesHint: {x: 0, y: 0, z: 0}
--- !u!1 &8912119192432028092
GameObject:
  m_ObjectHideFlags: 0
  m_CorrespondingSourceObject: {fileID: 0}
  m_PrefabInstance: {fileID: 0}
  m_PrefabAsset: {fileID: 0}
  serializedVersion: 6
  m_Component:
  - component: {fileID: 4839701196904976667}
  m_Layer: 0
  m_Name: MiddleFinger1_L
  m_TagString: Untagged
  m_Icon: {fileID: 0}
  m_NavMeshLayer: 0
  m_StaticEditorFlags: 0
  m_IsActive: 1
--- !u!4 &4839701196904976667
Transform:
  m_ObjectHideFlags: 0
  m_CorrespondingSourceObject: {fileID: 0}
  m_PrefabInstance: {fileID: 0}
  m_PrefabAsset: {fileID: 0}
  m_GameObject: {fileID: 8912119192432028092}
  m_LocalRotation: {x: 0.003307169, y: -0.03463293, z: 0.061490722, w: 0.99750113}
  m_LocalPosition: {x: 0.11278203, y: 2.3092638e-16, z: 4.8316907e-15}
  m_LocalScale: {x: 1, y: 1, z: 1}
  m_Children:
  - {fileID: 6741217290510972528}
  m_Father: {fileID: 5185735488658256602}
  m_RootOrder: 1
  m_LocalEulerAnglesHint: {x: 0, y: 0, z: 0}
--- !u!1 &9015187128728619190
GameObject:
  m_ObjectHideFlags: 0
  m_CorrespondingSourceObject: {fileID: 0}
  m_PrefabInstance: {fileID: 0}
  m_PrefabAsset: {fileID: 0}
  serializedVersion: 6
  m_Component:
  - component: {fileID: 2000235480901950822}
  m_Layer: 0
  m_Name: Eye_R
  m_TagString: Untagged
  m_Icon: {fileID: 0}
  m_NavMeshLayer: 0
  m_StaticEditorFlags: 0
  m_IsActive: 1
--- !u!4 &2000235480901950822
Transform:
  m_ObjectHideFlags: 0
  m_CorrespondingSourceObject: {fileID: 0}
  m_PrefabInstance: {fileID: 0}
  m_PrefabAsset: {fileID: 0}
  m_GameObject: {fileID: 9015187128728619190}
  m_LocalRotation: {x: 0, y: 0, z: -0.7071068, w: 0.7071068}
  m_LocalPosition: {x: 0.027244024, y: 0.10484986, z: -0.03423012}
  m_LocalScale: {x: 1, y: 1, z: 1}
  m_Children:
  - {fileID: 6330444133653211757}
  m_Father: {fileID: 7943364921548866017}
  m_RootOrder: 3
  m_LocalEulerAnglesHint: {x: 0, y: 0, z: 0}
--- !u!1 &9114176134434307851
GameObject:
  m_ObjectHideFlags: 0
  m_CorrespondingSourceObject: {fileID: 0}
  m_PrefabInstance: {fileID: 0}
  m_PrefabAsset: {fileID: 0}
  serializedVersion: 6
  m_Component:
  - component: {fileID: 1827209551257170337}
  m_Layer: 0
  m_Name: LowerCheek_L
  m_TagString: Untagged
  m_Icon: {fileID: 0}
  m_NavMeshLayer: 0
  m_StaticEditorFlags: 0
  m_IsActive: 1
--- !u!4 &1827209551257170337
Transform:
  m_ObjectHideFlags: 0
  m_CorrespondingSourceObject: {fileID: 0}
  m_PrefabInstance: {fileID: 0}
  m_PrefabAsset: {fileID: 0}
  m_GameObject: {fileID: 9114176134434307851}
  m_LocalRotation: {x: -0, y: 0, z: 1, w: -6.123234e-17}
  m_LocalPosition: {x: -0.046832543, y: -0.019741269, z: 0.060822643}
  m_LocalScale: {x: 1, y: 1, z: 1}
  m_Children: []
  m_Father: {fileID: 3472169232287294472}
  m_RootOrder: 2
  m_LocalEulerAnglesHint: {x: 0, y: 0, z: 0}
--- !u!1 &9129704636165783047
GameObject:
  m_ObjectHideFlags: 0
  m_CorrespondingSourceObject: {fileID: 0}
  m_PrefabInstance: {fileID: 0}
  m_PrefabAsset: {fileID: 0}
  serializedVersion: 6
  m_Component:
  - component: {fileID: 84561027624255261}
  m_Layer: 0
  m_Name: LowerNoseMid_M
  m_TagString: Untagged
  m_Icon: {fileID: 0}
  m_NavMeshLayer: 0
  m_StaticEditorFlags: 0
  m_IsActive: 1
--- !u!4 &84561027624255261
Transform:
  m_ObjectHideFlags: 0
  m_CorrespondingSourceObject: {fileID: 0}
  m_PrefabInstance: {fileID: 0}
  m_PrefabAsset: {fileID: 0}
  m_GameObject: {fileID: 9129704636165783047}
  m_LocalRotation: {x: 0, y: -0, z: -0, w: 1}
  m_LocalPosition: {x: 0.07873514, y: 0.1403271, z: -6.819664e-16}
  m_LocalScale: {x: 1, y: 1, z: 1}
  m_Children: []
  m_Father: {fileID: 7943364921548866017}
  m_RootOrder: 15
  m_LocalEulerAnglesHint: {x: 0, y: 0, z: 0}
--- !u!1 &9190145108026032851
GameObject:
  m_ObjectHideFlags: 0
  m_CorrespondingSourceObject: {fileID: 0}
  m_PrefabInstance: {fileID: 0}
  m_PrefabAsset: {fileID: 0}
  serializedVersion: 6
  m_Component:
  - component: {fileID: 3472169232287294472}
  m_Layer: 0
  m_Name: Jaw_M
  m_TagString: Untagged
  m_Icon: {fileID: 0}
  m_NavMeshLayer: 0
  m_StaticEditorFlags: 0
  m_IsActive: 1
--- !u!4 &3472169232287294472
Transform:
  m_ObjectHideFlags: 0
  m_CorrespondingSourceObject: {fileID: 0}
  m_PrefabInstance: {fileID: 0}
  m_PrefabAsset: {fileID: 0}
  m_GameObject: {fileID: 9190145108026032851}
  m_LocalRotation: {x: 0, y: 0, z: -0.83090204, w: 0.5564187}
  m_LocalPosition: {x: 0.09716722, y: 0.03575536, z: -0.0006202892}
  m_LocalScale: {x: 1, y: 1, z: 1}
  m_Children:
  - {fileID: 5261196145550307763}
  - {fileID: 1349330067584253050}
  - {fileID: 1827209551257170337}
  - {fileID: 2454666151125747706}
  - {fileID: 8963733256130715261}
  - {fileID: 4207541472141297681}
  m_Father: {fileID: 7943364921548866017}
  m_RootOrder: 12
  m_LocalEulerAnglesHint: {x: 0, y: 0, z: 0}
